2662 4696
197 339 237 389 ru
258 340 527 390 nranrorrrncrs
552 343 677 390 amru.
701 343 1022 395 assnnvlroauu.
1074 327 1162 394 1771
1269 310 1274 323 '

51 491 304 576 Graecis-quam
318 493 462 570 Latinis
476 499 634 558 tractatus
650 500 682 557 et
694 493 850 576 poemata
866 502 1039 561 auctorum
1056 497 1164 561 diver-

53 605 170 659 sorum
181 615 275 678 saepe
284 597 558 674 conmriscentu13
575 600 609 659 et
617 597 738 680 cuique
748 616 844 659 suum
855 596 934 660 dare
946 601 1027 661 artis
1040 605 1092 661 est
1101 599 1164 661 cri-

53 700 146 762 ticae.
184 697 353 763 Lactantii
363 698 467 761 editio
481 698 622 780 optima,
634 698 739 779 bugd.
749 699 827 762 Bat.
839 719 969 763 carmen
979 702 1044 764 hoc
1056 703 1164 784 operi·

61 800 1165 886 busLactantiisubjungit,sedaLactautioabjudicatatqueauc·

50 906 113 968 tori
126 905 247 968 incerti
261 906 405 968 nominis
419 907 576 986 assignat
633 904 668 968 N
669 925 712 968 ou
726 910 834 969 tamen
850 904 1036 969 Claudiano
1052 913 1166 970 nostro

55 1007 122 1071 hoc
139 1005 336 1087 poemation
351 1006 544 1091 adjudicare
565 1007 728 1089 cupimus.
775 1005 930 1071 Carmina
945 1008 1011 1072 duo
1026 1016 1114 1086 sunt,
1130 1016 1167 1074 ut

51 1109 142 1172 bene
158 1116 273 1172 notum
289 1114 350 1185 est,
367 1108 409 1170 de
436 1107 610 1185 Phoenice,
637 1108 788 1191 ejusdem
814 1112 1007 1189 argumenti,
1028 1130 1165 1174 oecono-

54 1212 145 1286 miae,
162 1212 368 1293 spiritusque
392 1210 528 1293 poetici,
552 1211 742 1274 redolentia.
786 1210 873 1273 Cum
896 1229 977 1273 vero
1002 1231 1067 1275 non
1083 1232 1164 1294 pos·

54 1314 161 1376 simus
177 1313 319 1396 opinari,
348 1311 570 1378 Claudianum
597 1313 665 1376 duo
682 1315 830 1377 carmina
851 1313 892 1376 de
907 1313 1021 1375 eadem
1037 1315 1164 1390 fabula,

51 1420 85 1478 et
113 1414 268 1498 ejusdem
296 1416 460 1494 materiae,
486 1416 729 1498 composuisse,
754 1434 829 1478 cum
858 1414 1009 1477 Gesnero
1044 1423 1164 1496 putan-
1266 1440 1269 1445 ·

51 1516 134 1581 dum
164 1523 226 1596 est,
261 1538 364 1582 unum
396 1520 529 1582 alterius
552 1519 770 1582 imitationem
797 1517 912 1580 fuisse.
975 1515 1163 1598 Rhythmus

52 1619 185 1700 elegiae,
201 1640 243 1682 ne
258 1622 355 1685 nimis
380 1622 494 1697 simuS,
514 1640 581 1684 non
605 1621 823 1684 videturesse
838 1619 1027 1683 Claudiani.
1073 1619 1164 1683 Dum

52 1721 128 1785 haec
144 1722 207 1784 sub
223 1723 328 1803 praelo
344 1729 432 1799 sunt,
447 1727 544 1804 rogat
566 1723 618 1786 vir
642 1725 781 1800 amicuS,
799 1743 842 1784 an
857 1722 957 1785 talem
972 1721 1165 1803 prosodiam

54 1825 117 1887 sub
134 1824 231 1888 initio
246 1826 448 1906 pentametri
462 1825 669 1890 exhibuisset
685 1826 911 1889 Claudianus:

176 1930 187 1958 ‘
204 1925 394 1991 Duodecies
409 1929 509 1991 undis
523 1912 640 2010 irrigat
656 1949 752 1992 omne
767 1927 907 1993 nemus?
923 1947 974 1992 vs.
990 1926 1046 1990 28.

57 2026 62 2035 ’
102 2025 231 2094 Codices
259 2025 492 2092 D'Oruilliuai.
519 2047 558 2091 x.
583 2030 830 2094 l.6.13.cum
854 2030 930 2092 aliis
955 2028 1164 2092 collationem

56 2131 203 2194 continet
225 2127 402 2194 Claudiani
420 2132 453 2192 in
477 2129 636 2194 Rufinum
661 2151 739 2194 cum
772 2131 841 2194 Ms.
856 2131 1042 2207 Parmensi,
1056 2151 1114 2214 pp.
1130 2121 1163 2192 5.

54 2230 251 2314 etBaptum
268 2231 483 2314 Proserpinae
499 2253 574 2296 cum
587 2232 714 2297 Codice
731 2233 976 2296 Mediolanensi
989 2235 1049 2314 pp'.
1064 2233 1097 2294 5.

99 2349 141 2396 x.
157 2333 190 2396 2.
205 2332 282 2398 2.1.
298 2331 507 2397 Claudianus
522 2334 556 2397 in
567 2353 664 2416 usum
677 2334 837 2416 Delphini
854 2334 951 2397 1677.
968 2352 1044 2396 cum
1058 2331 1163 2396 variis

55 2435 258 2500 lectionibus
275 2435 362 2498 Mss.

97 2536 309 2601 Claudianus
348 2538 437 2620 apud
465 2537 663 2615 Colinaeum,
689 2537 832 2601 Parisiis
859 2537 955 2600 1530.
986 2536 1067 2630 t'tvo.¹
1086 2553 1164 2598 cum

55 2640 144 2702 uotis
169 2638 308 2702 Thomas
334 2638 553 2723 Marcyllii,e
578 2639 705 2716 codice,
733 2643 770 2702 ut
785 2639 928 2716 videtur,
946 2636 1163 2720 lugdunensi

57 2743 229 2824 praecipue
245 2741 368 2804 ductis.

400 2969 524 3035 Codices
547 2970 825 3056 Cantabrigieuses.

98 3135 141 3198 In
156 3135 369 3199 Bibliotheca
386 3136 517 3199 Domus
534 3133 567 3197 S.
583 3133 677 3198 Petri
693 3133 811 3198 Codex
833 3129 931 3199 loeo.
951 3131 1005 3218 (ut
1030 3133 1164 3198 denota-

58 3244 108 3303 tur
136 3238 172 3300 in
196 3235 302 3301 Catal.
327 3236 415 3300 MsS.
439 3236 572 3318 Angliae
596 3243 629 3300 et
656 3234 757 3319 Hib.)
786 3239 944 3311 continet,
974 3238 1057 3300 inter
1084 3239 1163 3315 alia,

58 3338 236 3404 Claudiani
256 3338 297 3400 de
321 3337 439 3420 Raptu
455 3338 684 3421 Proserpinae,
707 3345 758 3402 art
771 3341 803 3402 4.
819 3346 852 3402 et
865 3339 974 3415 1687,
990 3360 1092 3403 unum
1107 3339 1164 3402 Li·
1241 3388 1245 3396 .

56 3441 163 3505 hrum.
210 3439 304 3502 Idem
328 3439 510 3523 Catalogus
534 3447 625 3505 notat
649 3440 698 3526 (in
722 3460 812 3502 num.
837 3442 935 3504 6106.
961 3442 1052 3517 272.)
1077 3441 1165 3503 inter

56 3539 201 3606 Codices
217 3529 359 3604 Thomas
384 3542 470 3604 Gale
498 3542 720 3605 Claudianum
747 3541 892 3624 poetam,
908 3543 944 3603 in
967 3540 1164 3603 membranis

56 3638 216 3725 antiquis.
261 3641 330 3704 Hic
345 3642 433 3705 idem
450 3662 535 3705 nunc
551 3638 742 3705 asservatur
752 3643 786 3703 in
802 3643 1012 3707 Bibliotheca
1024 3641 1164 3725 Collegii

57 3743 181 3806 Sancte
208 3741 385 3821 Trinitatis,
413 3745 478 3820 cui,
504 3750 540 3806 ut
558 3743 630 3825 jam
645 3743 804 3820 diximus,
827 3744 868 3807 Τ.
885 3744 970 3809 Gale
985 3746 1164 3808 moriturus

55 3845 197 3910 codices
213 3865 295 3909 suos
309 3848 445 3929 legavit.

98 3946 207 4011 Extat
229 3949 263 4009 in
284 3949 497 4013 Bibliotheca
522 3949 681 4012 librorum
708 3967 794 4032 quos
821 3948 1006 4012 Matthaeus
1025 3944 1162 4021 Parker,

53 4039 216 4132 Archiep.
234 4048 395 4114 Cantuar.
411 4052 472 4115 sub
490 4070 590 4135 regno
608 4050 821 4127 Blizabethae,
837 4048 988 4130 Collegio
1003 4045 1162 4129 Corporis

55 4148 182 4214 Christi
198 4155 231 4214 et
247 4150 289 4214 B.
312 4148 431 4215 Mariae
451 4151 608 4234 Virginis,
624 4172 708 4216 nunc
737 4147 849 4214 Beue't
872 4146 1009 4235 Collega,
1024 4146 1162 4230 legavit,
