2662 4696
300 323 305 331 ·
398 318 439 367 ιιι
466 320 491 368 ι.
515 319 805 373 cous.sr1urcn.
829 315 902 375 ιιι.
927 325 953 377 ι.
1126 310 1214 376 1509

110 476 195 527 perp.
226 462 260 512 Iu
279 460 412 512 Oisellano
429 463 576 526 Sigambrus.
608 465 643 515 1).
681 466 761 515 etism
778 467 856 524 reim
875 459 943 534 quod
964 467 1154 535 Rapbeleugius
1173 485 1213 522 se·

110 541 206 590 Heius.
298 573 301 579 -
680 539 764 591 cutus.
807 542 930 594 Proxime
949 560 1036 595 reram
1062 546 1213 612 lectionem,

142 620 194 667 224
217 619 280 668 Cam
301 620 381 666 sideru
402 615 480 680 ripos]
521 617 642 666 Rhenum
680 630 739 679 quse
753 618 832 667 tertio
847 619 975 669 Vaticano
991 620 1213 684 Codidffloreu-

108 694 244 758 utrimque
269 695 390 744 Romanis
407 693 522 743 moribus
543 694 642 744 cultum
680 692 772 742 tinus.
784 694 877 757 Marci,
896 695 1011 744 secundo
1031 697 1163 764 Medieeo,
1180 712 1211 750 ac

108 769 230 820 indicare
241 772 322 834 eupit.
345 771 434 820 Bartls.
680 766 822 832 Oiseliann,
832 771 858 818 in
871 770 961 834 qrrlbus
978 773 1028 821 acie
1038 774 1142 834 umjons
1158 777 1212 840 pal-

141 850 192 895 225
212 846 268 894 Non
287 846 429 908 indignante
452 847 542 911 Cayco]
580 848 643 896 Tres
679 860 732 894 sore
750 846 855 904 rebelles,
874 847 991 898 debetur.
1032 849 1114 900 Simili
1135 866 1213 902 seusu

112 920 249 970 carmelo.-
264 920 315 970 duo
327 922 421 970 Cosaba
431 936 488 970 cum
501 923 641 985 primoVa·
680 935 718 970 rr.
731 921 806 971 Cous.
819 924 887 973 Hon.
904 926 986 973 ‘Non
1007 925 1092 974 hostes
1111 928 1212 977 victore

111 997 215 1046 ticano:
235 996 340 1046 aliidno
354 997 457 1047 Circum.
489 999 641 1086 [regendum
680 997 784 1058 cadunt,
801 999 846 1047 sed
861 999 967 1063 judice'
970 1000 1077 1051 sontes?
1111 1002 1169 1053 Lib.
1180 1017 1212 1055 ιι.

112 1073 191 1120 Cocco
211 1072 272 1120 alibi
293 1074 442 1123 monuimus.
476 1073 557 1122 Cauci
573 1075 642 1145 enisu
679 1072 705 1122 iu
723 1074 832 1137 Eutrop.
856 1077 938 1125 ‘Non
961 1076 1027 1126 duce
1055 1075 1213 1142 frangendas

110 1146 265 1213 frequenter
275 1149 370 1212 Belgas
380 1149 545 1200 invadebant
564 1151 642 1213 Spat-
675 1146 773 1210 jactat,
794 1149 840 1198 sed
859 1149 960 1213 jndice,
981 1152 1068 1202 viras!
1112 1154 1213 1205 Ultima

110 1226 196 1276 tiunua
215 1226 243 1274 in
262 1225 342 1274 Didio
352 1225 472 1277 Juliano
489 1226 571 1275 Inde
582 1227 642 1275 Bel
680 1224 781 1286 syllaba
791 1243 834 1273 του
822 1225 937 1276 oedem
950 1229 1142 1290 producebatur
1150 1246 1213 1281 nou

110 1303 193 1365 gicam
206 1305 296 1351 sancte
308 1315 340 1351 uc
350 1301 395 1349 ota
406 1302 483 1351 rexit.
516 1301 557 1350 lbi
578 1302 642 1352 Cau·
679 1315 825 1364 nunquam:
844 1317 901 1351 nam
913 1312 941 1353 et
951 1307 1064 1355 dederitis
1082 1306 1215 1366 dicebant.

111 1377 165 1426 ciris
187 1377 337 1426 Germaniae
358 1378 469 1441 populis,
491 1379 533 1443 qui
554 1377 642 1427 Albim
680 1374 757 1426 ovid.
768 1378 776 1403 ‘
789 1378 868 1426 vitam
880 1378 1006 1430 dederitis
1017 1381 1043 1430 iu
1055 1382 1146 1432 undis!
1163 1383 1215 1432 Ad·

110 1452 275 1516 accolebant,
300 1453 495 1518 erumpentibus
526 1454 642 1505 restitit!
680 1459 780 1513 eantur,
802 1468 861 1517 qum
880 1463 998 1504 notamus
1022 1457 1054 1505 ad
1082 1459 1213 1509 Nasonem

111 1528 146 1577 D.
159 1527 249 1578 Heius.
679 1527 753 1577 Artis
765 1527 851 1578 Amat.
861 1542 879 1578 ι.
888 1534 946 1579 447.
964 1531 997 1580 D.
1005 1532 1093 1580 Heius

141 1608 193 1654 226
210 1605 481 1670 Mediamqseiagresso
497 1607 643 1673 perAlbim]
712 1610 759 1654 237
779 1605 857 1661 Quaen
868 1605 978 1668 biarcio,
989 1607 1042 1671 tm]
1060 1609 1213 1673 ErgoFrnn·

110 1682 174 1731 Τιιιιι
187 1680 641 1750 profundamstabilitamquepacem
679 1682 704 1730 ci
732 1683 817 1745 Reges
850 1697 866 1731 a
892 1682 1035 1732 Stilichone
1072 1685 1214 1750 accipiunt.

110 1757 221 1807 ‹licitlris
233 1757 335 1820 populis
346 1757 481 1819 indultam,
492 1765 521 1807 ut
532 1774 578 1822 per
589 1775 641 1810 me·
679 1758 802 1820 Magnam
816 1773 879 1806 vero
894 1773 983 1807 curam
997 1759 1149 1823 injiciebant
1160 1760 1213 1811 Ro·

110 1831 640 1900 ·tliumetiamtlumen,qnaillntlprofun-
678 1834 772 1896 manis,
791 1835 853 1883 licet
880 1849 962 1898 parva
982 1849 1076 1885 manu:
1103 1850 1166 1902 quos
1185 1838 1213 1888 ni

110 1911 255 1973 dissimum,
279 1913 411 1961 vacaverit
432 1912 532 1962 nationi
564 1914 641 1964 elteri
678 1912 756 1972 paulo
769 1909 1015 1974 antenrboguates,
1029 1911 1120 1961 itidem
1132 1913 1215 1961 Fran·

110 1988 135 2036 in
147 1978 256 2037 alterius
276 2001 371 2051 pascua
388 2002 473 2051 pecua
489 2003 536 2037 sua
554 2003 640 2052 agere.
679 1999 733 2047 cus,
743 1984 787 2034 sed
800 1986 1211 2051 patriaebostis‚slivarsispraeliis

112 2063 201 2126 Μ,
679 2059 850 2122 debilitasset,
868 2076 919 2110 nou
942 2062 1007 2111 adeo
1028 2061 1106 2112 facile
1127 2064 1212 2112 Rheni

142 2143 192 2190 227
211 2140 306 2189 Gallico
317 2140 474 2204 Francorum]
497 2143 577 2192 Vides
588 2145 640 2193 cla·
679 2138 752 2200 ripas
764 2137 948 2188 deseruissent.
967 2140 1060 2188 Closer.

113 2214 212 2266 tissime
229 2216 271 2266 hic
290 2231 366 2281 quam
385 2217 411 2267 hi
428 2219 527 2281 populi,
545 2220 586 2268 hae
604 2234 642 2267 re·
712 2217 759 2262 241
786 2215 945 2262 Marcomeres
972 2213 1093 2277 &unoque
1119 2214 1214 2277 duest]

112 2291 210 2356 gionm,
227 2291 326 2344 fuerint
342 2293 445 2343 omniuo
457 2300 511 2344 tum
522 2295 640 2345 diversae.
681 2289 753 2338 Nota
770 2296 832 2337 tune
850 2290 973 2338 vocabule
991 2289 1092 2352 Regum
1109 2290 1218 2340 Franci-

114 2367 189 2417 Idem.
681 2382 777 2417 corum.

143 2447 192 2492 229
208 2442 296 2507 hom]
312 2445 502 2508 Hercyniorum
514 2445 643 2494 Lucomm
714 2445 873 2492 Moromueres
882 2442 1005 2507 Soraeque
1012 2442 1105 2507 docent]
1121 2442 1163 2494 sio
1174 2458 1216 2508 pr.

113 2520 229 2569 meminit
240 2522 340 2569 Seneca
351 2521 463 2570 Medea:
476 2519 570 2569 ‘Lucis
580 2520 643 2568 Sue·
679 2521 822 2571 Vaticanus
834 2534 891 2568 cum
904 2520 961 2568 aliis
972 2520 1114 2582 nonnullis;
1131 2529 1212 2586 atque

113 2596 137 2645 si
148 2596 248 2645 nobiles
260 2594 417 2659 Hercyniis!
434 2595 507 2645 laton.
678 2597 717 2646 ita
726 2595 932 2659 Rapbelengius:
951 2595 999 2644 nisi
1007 2596 1076 2660 quod
1085 2596 1129 2646 ille
1137 2596 1214 2646 docet.

144 2675 193 2720 230
212 2671 339 2733 Religiose
356 2670 446 2733 traces]
483 2670 644 2735 Horrendus,
679 2674 803 2723 Lucensis
820 2673 979 2721 Marcomeres
996 2673 1129 2737 Serumque.
1157 2675 1212 2738 Gy·

115 2762 169 2796 cnm
181 2748 292 2797 horrore
304 2746 433 2796 visendos.
450 2747 526 2796 laem.
680 2753 745 2800 rald.
763 2751 858 2816 aliique
875 2753 1019 2815 complures
1032 2752 1216 2802 Mormmonesr

144 2829 193 2874 283
215 2822 454 2887 Victoripsefaoent]
467 2824 557 2872 Mente
568 2823 644 2872 simul
680 2826 784 2891 quidam
804 2825 943 2889 Sunnoque,
958 2825 1108 2889 Sunnoque,
1127 2826 1216 2875 Sumo·

115 2907 142 2952 et
160 2901 387 2965 corporedevioti.
421 2899 509 2949 Alibi:
525 2900 645 2949 ‘nonest
680 2917 732 2966 pue,
753 2902 898 2963 flumusque,
917 2907 945 2949 et
964 2901 1066 2949 similia.
1098 2901 1216 2965 Scaliger

112 2977 224 3029 victoria
241 2977 326 3040 major
342 2977 426 3027 Quam
438 2990 498 3039 quae
515 2973 645 3025 confessos
680 2980 706 3028 in
718 2993 764 3027 ora
777 2979 836 3027 libri
848 2979 887 3026 sui
897 2978 1063 3027 Mareomirus.
1097 2979 1163 3027 Cum
1175 2970 1217 3029 his¹

114 3055 198 3102 animo
205 3067 308 3117 qnoque
317 3051 440 3114 subjugat
447 3052 550 3101 hostes)
572 3052 645 3102 Idem.
680 3055 863 3105 Valentiniano
871 3068 911 3104 res
923 3052 1122 3104 fuisseridetur.
1134 3054 1216 3102 Chro-

143 3134 192 3180 224
204 3126 342 3190 allemania]
357 3128 448 3176 Totum
459 3127 609 3176 Barbariana
619 3134 647 3176 ct
681 3131 757 3180 nicon
767 3129 1003 3180 Altlssiodurensc:
1020 3131 1028 3158 ‘
1039 3129 1145 3193 Egressi
1155 3129 1216 3180 inda

115 3205 227 3256 Danubii
243 3210 272 3255 et
288 3204 373 3253 Rheni
384 3203 497 3252 accolam
510 3203 598 3252 dicere
610 3203 645 3252 vi·
682 3206 849 3268 Marcomirm
859 3207 1008 3269 summoue,
1017 3214 1045 3256 et
1054 3206 1216 3256 Gencbsndo

115 3282 199 3332 detur.
233 3281 297 3330 Non
305 3279 395 3328 habuit
406 3279 465 3327 olim
477 3286 575 3328 certam
586 3293 646 3342 gen·
682 3284 799 3346 ducibus,
819 3290 947 3331 venerunt
974 3288 1003 3331 ct
1029 3281 1214 3332 habitaverunt

114 3349 372 3421 tissignificationem
384 3353 646 3417 haacrox‚dicianim
682 3359 753 3408 eirca
768 3357 851 3421 ripam
870 3358 954 3406 ereni
972 3356 999 3405 in
1018 3356 1129 3406 confinio
1149 3357 1218 3406 Ger.

114 3424 164 3484 nou
180 3438 271 3497 potest
281 3445 358 3496 quam
370 3432 442 3480 rarle
452 3431 605 3494 diverseque
615 3445 647 3480 ea
683 3433 774 3483 maniae
782 3441 810 3483 et
821 3432 989 3483 Alemanniaa.
1002 3433 1073 3484 Quos
1085 3447 1142 3482 cnm
1152 3434 1218 3482 mul·

114 3515 222 3560 rrtnntur
233 3509 381 3572 scriptores.
403 3508 457 3557 Pro
467 3507 577 3556 diversis
586 3520 647 3571 geu·
683 3510 717 3560 tis
728 3509 797 3559 idem
808 3507 1005 3558 Valentinianus
1022 3508 1117 3569 proeliis
1131 3514 1216 3558 atten-

113 3587 192 3651 tibus,
215 3592 245 3636 et
267 3584 330 3634 totis
350 3583 406 3647 ejus
433 3596 484 3632 orae
512 3575 646 3632 tractibus.
683 3591 775 3649 tassct,
793 3600 841 3635 nec
859 3585 963 3634 vincere
981 3584 1119 3648 potuisset,
1136 3584 1217 3634 Fran

115 3661 191 3712 Idem
683 3663 826 3727 cos,ideat
831 3660 1132 3724 ,feroces,appellarit.’
1155 3659 1218 3709 Plu-

146 3742 197 3787 226
214 3735 342 3785 Prooiucio
352 3733 444 3796 minos]
463 3734 647 3796 Hoeccorrup·
683 3753 713 3786 ra
733 3738 765 3786 ad
788 3751 844 3786 rem
868 3735 997 3800 congessit
1017 3735 1150 3785 Barthius.
1182 3735 1218 3784 D.
1317 3776 1321 3786 .

116 3813 215 3862 tissime
226 3812 353 3862 hacteuus
371 3811 532 3875 legebantur.
565 3809 648 3875 Mysos
685 3815 771 3865 Helm

115 3888 236 3953 quidam3
252 3885 358 3936 frustra.
378 3883 648 3951 Prosolloxaeqnenti
719 3891 863 3939 Hetrusmm
885 3889 991 3938 Pertulit
1012 3885 1134 3949 molliora]
1165 3886 1219 3936 Sua

116 3981 192 4016 versu
211 3970 285 4014 recta
304 3964 405 4014 codices
425 3964 540 4012 nonnulli
556 3962 648 4023 suares:
684 3965 736 4014 lide
754 3963 844 4013 isthaec
864 3969 961 4011 nnrrat
996 3961 1111 4011 Omnino
1132 3969 1219 4011 tamen

116 4032 245 4106 quomodo
255 4045 284 4090 et
300 4040 375 4103 prim.
389 4040 474 4092 Vatlc.
507 4040 572 4088 Mox
589 4054 648 4103 per-
685 4038 848 4104 aliquidreri
867 4036 943 4086 inest.
975 4036 1126 4086 Namctad
1139 4046 1218 4100 pacta

118 4130 206 4197 peram
224 4119 290 4175 Quos
308 4118 401 4167 desieru
416 4121 495 4167 servet
512 4117 556 4166 rel
570 4115 649 4178 feriat
686 4116 794 4166 adactos
803 4116 891 4178 Reges
907 4113 976 4177 illos,
990 4113 1148 4166 Francorum
1157 4113 1220 4164 llis·

116 4192 160 4247 r'el
175 4194 361 4260 meirisin
371 4199 401 4246 et
410 4193 522 4259 scriptu,
545 4191 649 4260 quidam
686 4190 1013 4253 summonitores.
