2662 4696
109 301 199 382 tuus
288 318 397 367 sora
421 317 623 382 vneroaurr
648 320 688 368 nr
714 320 771 370 ur..
795 321 936 369 curuo.
963 321 1046 372 xm.

609 651 712 718 XLI.

479 883 530 948 ’3.
574 882 631 948 Ad
648 877 841 973 Olybritun.¹

144 1070 286 1134 lAffotur]
311 1071 451 1135 Epistulas,
472 1072 564 1136 quibus
586 1074 646 1122 mis·
683 1069 852 1137 peculiariter
863 1073 977 1137 epistolis
987 1074 1131 1138 addicitur,
1144 1080 1170 1126 et
1179 1081 1213 1128 ert

112 1147 647 1212 sitandissolenneverbumdirigereabusu
681 1148 786 1211 perferri
808 1150 900 1199 isthic:
928 1158 958 1200 ut
974 1153 1111 1215 perlatam
1128 1154 1212 1202 latores

110 1224 274 1286 sequentium
283 1224 427 1273 seculorum
437 1233 586 1290 corruptum
598 1234 646 1277 est.
683 1224 789 1275 Sidonio
800 1230 828 1274 et
840 1227 905 1275 aliis.
918 1227 995 1277 Idem.

111 1301 201 1359 Bortb.
717 1305 732 1349 8
750 1301 930 1366 Pulueruleuta]
946 1304 1099 1368 Nunquam,
1111 1306 1213 1368 stapul-

143 1380 160 1424 2
178 1378 229 1425 Nec
238 1379 312 1441 redit]
329 1378 449 1428 Mutuum
468 1380 551 1429 vicem
566 1381 647 1444 loqui·
684 1378 723 1426 vis
730 1378 846 1442 sedatur,
853 1386 926 1429 tanta
934 1384 1137 1431 commeantium
1147 1381 1213 1432 turbe

110 1457 163 1515 tur.
196 1455 645 1505 Resveruclarafamiliarissimum
684 1460 733 1502 eet.
750 1454 827 1504 Idem.
955 1513 963 1528 ⁴

110 1528 150 1582 bis
162 1545 264 1579 summae
274 1538 302 1580 et
311 1532 462 1581 Nobilitatis
472 1541 499 1582 et
511 1532 645 1595 dignitatis
716 1533 733 1577 9
750 1529 823 1579 Fluat
834 1529 968 1594 ingenium]
990 1531 1106 1594 Uberet,
1119 1544 1212 1597 quomo·

111 1605 181 1657 iuter
198 1621 319 1669 proceres
336 1610 465 1657 Romanos
484 1609 544 1657 viris
565 1607 646 1657 fuisse
684 1605 894 1656 doabundantiam
908 1608 1052 1657 Tullianam
1070 1607 1214 1658 idemSido·

112 1681 292 1743 Claudianum,
302 1697 381 1746 quare
394 1683 544 1732 admiranda
562 1699 602 1732 res
614 1684 646 1732 de
684 1683 741 1731 nius
752 1682 825 1732 dixit.

111 1763 266 1820 paupertate
283 1758 348 1807 adeo
367 1760 448 1822 queri.
481 1759 533 1807 Sed
552 1759 645 1808 scitum
717 1758 844 1822 Reportet]
860 1759 1036 1809 Sollicitatum
1049 1759 1108 1823 jam
1119 1773 1213 1809 nonre-

112 1832 175 1882 illud
196 1833 345 1882 observasse
365 1841 500 1896 nuaguates
523 1834 646 1884 videntur
685 1836 799 1885 scribere
812 1837 939 1900 queritur.
955 1838 1046 1886 Bartlr.

111 1907 165 1971 isti,
174 1908 241 1958 πενία
257 1908 300 1957 ris
317 1908 408 1971 τέχνας
421 1908 513 1974 ἐγείρει.
531 1925 564 1960 ne
577 1912 645 1959 locu·
718 1917 748 1962 12
765 1911 849 1976 Spatia
857 1913 995 1962 debilitatur
1002 1914 1083 1977 amor]
1099 1917 1157 1968 Quo
1165 1928 1212 1964 cre·

111 1986 228 2049 pietatus
241 1987 390 2036 obverterat
402 1988 485 2037 Musis
497 2002 602 2038 cornua.
684 2003 757 2037 scere
769 1989 883 2038 debebat
894 1995 973 2053 atque
985 1992 1086 2053 augeri.
1103 1992 1175 2040 ldenr.

118 2060 245 2118 ,Alteras
266 2064 362 2126 pollice]
381 2065 553 2125 ¹Poeticum3
586 2056 645 2114 cah
718 2068 748 2114 te
765 2065 1000 2125 Lucemjamcondot
1015 2066 1152 2130 Hydaspes]
1168 2063 1214 2114 lix·

112 2137 209 2199 pollice
220 2153 295 2187 nemo
313 2140 422 2204 scribat,
433 2156 536 2190 menum
551 2141 646 2190 intelli·
685 2141 805 2190 clematio
814 2140 991 2191 admirationis
1000 2148 1029 2191 et
1037 2142 1214 2192 obtestationis

110 2212 158 2276 git.
684 2217 717 2266 ab
741 2216 819 2266 rebus
835 2216 1036 2280 impossibilibus
1054 2219 1153 2270 Ouidio
1170 2218 1214 2269 usis

117 2335 120 2341 .
145 2287 225 2352 Sura]
260 2290 346 2354 Caput
367 2291 493 2355 Epistolae
526 2292 646 2342 Salutatio
684 2292 815 2342 tutissime.
832 2293 908 2342 Idem.

100 2366 180 2440 'omni
192 2383 258 2429 avo,
269 2382 345 2433 quam
357 2383 404 2432 pro
413 2369 470 2432 ipsa
484 2370 578 2433 posuit,
591 2384 646 2418 uer·
719 2369 812 2418 Condat
824 2369 961 2434 Hydaspes]
979 2369 1071 2419 Condet
1083 2370 1159 2434 prim.
1168 2371 1216 2420 Va·

112 2449 171 2503 tunt
183 2450 269 2492 tamen
289 2459 374 2494 mores
392 2446 511 2496 hodierni
527 2452 555 2495 et
566 2447 645 2495 istum
684 2444 731 2495 tic.
744 2446 852 2494 Luceus.
872 2454 900 2494 et
919 2445 1037 2510 plerique
1059 2446 1113 2496 alii.
1134 2445 1216 2495 lidera

112 2515 294 2582 Antiquirutts.
311 2521 400 2570 Bartlr.
683 2534 744 2568 mox
762 2521 849 2584 oriere,
867 2522 998 2584 candescet,
1017 2527 1045 2570 et
1061 2524 1166 2585 proluet.
1181 2524 1216 2573 D.

119 2596 349 2661 ,ideaquatam
357 2597 557 2661 pronefacultas]
574 2599 645 2662 Lego
684 2594 776 2644 Heius.
1123 2663 1125 2666 Ι
1190 2657 1192 2660 .

112 2673 211 2720 cuitam
228 2688 318 2737 pronm
336 2673 381 2722 lib.
390 2687 434 2724 ιιι.
445 2674 478 2723 de
490 2676 568 2738 Rapt.
588 2676 646 2724 ‘cui
717 2675 747 2719 15
767 2672 896 2720 candescet
915 2672 1009 2721 Geticis
1025 2673 1113 2723 Mero'e'
1129 2689 1218 2725 cmoer·

112 2754 187 2804 tauta
198 2748 309 2798 facultas
320 2750 351 2798 Iu
370 2765 411 2800 me
424 2751 531 2800 savitiae
541 2751 559 2800 ?’
587 2752 645 2800 Pri·
683 2745 820 2808 rumina]
837 2748 928 2795 Melior
940 2754 1059 2796 canumet:
1081 2747 1142 2802 cana
1153 2750 1218 2800 enin

112 2840 168 2874 mus
178 2841 280 2891 quoque
292 2827 444 2889 Vaticanus,
453 2827 571 2877 seniendi
580 2829 646 2877 labor
680 2823 769 2885 pruina
781 2822 875 2886 passim
889 2824 979 2873 Poetis
991 2823 1099 2875 dicitur.
1117 2826 1217 2890 Rapite·

112 2907 160 2953 est:
177 2901 245 2952 forte
263 2902 379 2952 scribendi
398 2919 428 2952 an
446 2901 583 2955 laborasti
599 2904 645 2954 sed
683 2899 830 2962 lengiauum
847 2914 969 2964 conspersa
985 2908 1078 2965 coqtra
1089 2903 1169 2954 libros
1179 2918 1218 2954 ve·

111 2979 147 3039 nil
159 2980 308 3029 mutandum
319 2988 426 3030 temere.
447 2981 481 3030 D.
492 2981 580 3032 Heius.
683 2979 753 3022 terei
764 2980 812 3022 2⁵1·
828 2973 903 3024 litm-

118 3109 120 3113 .
144 3055 225 3104 iSeu
255 3056 367 3104 Cicerone
389 3059 466 3120 tonas]
501 3058 645 3107 Consulatu
717 3053 749 3098 19
765 3049 977 3114 &militumque
998 3053 1116 3123 malm]
1140 3057 1218 3105 ΜΝ

113 3131 215 3194 Olybrii
232 3134 288 3180 208.
309 3133 422 3180 Cicerone
436 3133 519 3180 videri
531 3134 645 3183 scriben·
685 3125 914 3187 tutusqueLucens.
923 3134 951 3175 θῑ
962 3129 1078 3192 quinque
1092 3131 1146 3180 alii.
1163 3132 1217 3182 Ciu·

113 3205 173 3255 dum
185 3207 255 3255 dixi:
274 3212 301 3254 et
312 3207 349 3253 sic
360 3207 491 3255 Lucensis.
508 3209 549 3257 Sic
562 3211 643 3258 Plato·
683 3201 749 3249 vetii
761 3201 845 3250 wdex
862 3210 889 3250 ei
901 3217 949 3252 tex
966 3218 998 3275 eti
1010 3207 1106 3255 nostris
1121 3222 1219 3257 renneru-

112 3297 143 3332 na
156 3295 202 3344 pro
214 3283 336 3330 Platonem
349 3281 645 3334 diuitPetruuiusiuittu
684 3281 811 3341 iuratque:
838 3278 905 3327 atter
926 3279 1044 3343 ejusdem
1064 3296 1127 3332 cum
1148 3284 1219 3347 prin.

62 3394 65 3398 -
112 3358 233 3421 satyrici.
252 3360 327 3407 Idem.
683 3353 812 3404 Vaticano
824 3362 852 3402 et
870 3354 998 3404 tredecim
1021 3356 1080 3405 aliis
1096 3361 1220 3410 soletum

115 3488 118 3501 ¹
146 3434 194 3484 Seu
217 3434 329 3484 Cicerone
345 3433 423 3498 tonas]
463 3436 568 3485 Fulmen
594 3439 646 3486 eto.
683 3445 738 3492 que,
757 3430 892 3480 commodo
912 3446 997 3480 sensu.
1033 3432 1115 3483 Forte
1135 3441 1219 3485 tamea

112 3511 226 3575 quentiae
254 3512 319 3561 illud
345 3512 548 3573 incomparabile
570 3513 644 3564 dicit.
685 3505 822 3574 legendum
842 3508 1041 3570 ieissiiissiumtue
1058 3511 1218 3561 toduiemru·

112 3589 232 3637 Sidonius
243 3603 293 3637 non
315 3589 395 3637 semel
415 3589 552 3650 expressit.
570 3588 644 3638 Idem
683 3583 1077 3647 misiiledic-memoraturusque:
1095 3587 1219 3650 optam-

112 3665 193 3715 uensit
206 3662 363 3712 Petronius:
381 3664 562 3728 ‘Grandiaque
573 3665 646 3713 indo·
683 3657 749 3706 bt08·
771 3658 960 3723 miratumque:
976 3658 1110 3723 Barthius,
1132 3677 1219 3712 recrea·

112 3741 168 3804 'uiti
178 3740 311 3790 Ciceronis
323 3739 403 3788 verba
412 3741 559 3790 minentur,'
575 3743 645 3791 Duc.
685 3739 804 3797 littusque.
846 3734 1007 3784 Familiarius
1028 3750 1088 3785 clim
1111 3737 1218 3802 Olybrio

113 3824 168 3866 tum
180 3833 195 3866 a
209 3812 323 3875 Pericle,
339 3815 383 3879 qui
394 3816 548 3866 concionans
560 3816 645 3880 fulgu·
683 3811 748 3874 agii,
766 3813 810 3875 qui
830 3826 859 3860 se
882 3811 998 3860 sodalem
1018 3812 1074 3874 ejus
1093 3814 1218 3878 appellet·

112 3908 168 3949 tere
188 3902 216 3943 et
233 3900 323 3943 tonare
343 3890 489 3941 dicebatur.
529 3893 574 3942 Sic
594 3901 645 3942 tor·
683 3889 813 3939 Putabam
835 3890 895 3938 olim
913 3888 1079 3956 scribendum
1099 3897 1220 3940 camma·

111 3970 312 4031 rentiaequatur
320 3968 519 4024 Demosthenes.
536 3969 626 4017 Barttr.
684 3980 729 4028 que
751 3965 857 4013 sulutem.
889 3964 917 4013 st
938 3965 1100 4028 solaturusque
1119 3969 1219 4040 sodalem

144 4048 279 4096 oDiut'tiis
302 4047 386 4109 animi]
423 4047 567 4110 Opulcntin
595 4048 646 4095 elo·
684 4042 839 4113 retinemus,
860 4044 979 4112 sequenti
1002 4057 1079 4092 versu
1092 4043 1154 4116 fove
1173 4059 1222 4110 pro

112 4123 227 4190 quentiae
240 4122 384 4185 artiumque
397 4123 529 4172 instructi.
547 4124 623 4171 litem.
660 4111 741 4167 'doce
764 4118 900 4181 legendum
927 4119 1048 4171 videtur:
1077 4128 1158 4185 etque
1182 4121 1220 4171 itu

144 4202 159 4245 1
179 4197 228 4253 Qut
249 4197 337 4261 scripta
352 4197 434 4261 serat]
463 4198 536 4256 Ferri
558 4206 650 4260 autem
684 4195 801 4259 opinata
814 4195 1095 4251 Claudianorelictuns.
1113 4199 1189 4250 Iden.
