<?xml version="1.0" encoding="UTF-8"?>
<!DOCTYPE html PUBLIC "-//W3C//DTD XHTML 1.0 Transitional//EN"
    "http://www.w3.org/TR/xhtml1/DTD/xhtml1-transitional.dtd">
<html xmlns="http://www.w3.org/1999/xhtml" xml:lang="en" lang="en">
 <head>
  <title>
</title>
<meta http-equiv="Content-Type" content="text/html;charset=utf-8" />
  <meta name='ocr-system' content='tesseract 3.04.00' />
  <meta name='ocr-capabilities' content='ocr_page ocr_carea ocr_par ocr_line ocrx_word'/>
</head>
<body>
  <div class='ocr_page' id='page_1' title='image "./claudiiclaudian02claugoog_0067.png"; bbox 0 0 2662 4696; ppageno 0'>
   <div class='ocr_carea' id='block_1_1' title="bbox 169 299 1108 384">
    <p class='ocr_par' dir='ltr' id='par_1_1' title="bbox 169 299 1108 384">
     <span class='ocr_line' id='line_1_1' title="bbox 169 299 1108 384; baseline -0.01 -19"><span class='ocrx_word' id='word_1_1' title='bbox 169 299 256 384; x_wconf 69' lang='lat'><strong>1534</strong></span> <span class='ocrx_word' id='word_1_2' title='bbox 334 311 444 360; x_wconf 80' lang='lat' dir='ltr'><strong>uerus</strong></span> <span class='ocrx_word' id='word_1_3' title='bbox 468 310 669 361; x_wconf 78' lang='lat' dir='ltr'><strong>russonum</strong></span> <span class='ocrx_word' id='word_1_4' title='bbox 693 308 732 358; x_wconf 83' lang='lat' dir='ltr'><strong>ru</strong></span> <span class='ocrx_word' id='word_1_5' title='bbox 758 308 817 358; x_wconf 76' lang='lat' dir='ltr'><strong>or..</strong></span> <span class='ocrx_word' id='word_1_6' title='bbox 839 306 981 359; x_wconf 76' lang='lat' dir='ltr'><strong>curun.</strong></span> <span class='ocrx_word' id='word_1_7' title='bbox 1004 306 1108 358; x_wconf 83' lang='lat' dir='ltr'><strong>xxm</strong></span> 
     </span>
    </p>
   </div>
   <div class='ocr_carea' id='block_1_2' title="bbox 127 449 1289 3478">
    <p class='ocr_par' dir='ltr' id='par_1_2' title="bbox 170 449 1272 744">
     <span class='ocr_line' id='line_1_2' title="bbox 179 449 1268 517; baseline -0.002 -12"><span class='ocrx_word' id='word_1_8' title='bbox 179 506 185 515; x_wconf 68' lang='grc'>,</span> <span class='ocrx_word' id='word_1_9' title='bbox 202 460 253 506; x_wconf 74' lang='grc'><strong>426</strong></span> <span class='ocrx_word' id='word_1_10' title='bbox 269 455 381 504; x_wconf 77' lang='lat' dir='ltr'><strong>immensi</strong></span> <span class='ocrx_word' id='word_1_11' title='bbox 391 455 498 517; x_wconf 84' lang='lat' dir='ltr'><strong>spelunea</strong></span> <span class='ocrx_word' id='word_1_12' title='bbox 508 452 566 514; x_wconf 79' lang='lat' dir='ltr'><strong>oevs]</strong></span> <span class='ocrx_word' id='word_1_13' title='bbox 590 450 701 502; x_wconf 86' lang='lat' dir='ltr'><strong>AEterni·</strong></span> <span class='ocrx_word' id='word_1_14' title='bbox 739 450 904 500; x_wconf 82' lang='lat' dir='ltr'><strong>scribendum</strong></span> <span class='ocrx_word' id='word_1_15' title='bbox 918 451 996 499; x_wconf 86' lang='lat' dir='ltr'><strong>etiam</strong></span> <span class='ocrx_word' id='word_1_16' title='bbox 1009 449 1114 502; x_wconf 87' lang='lat' dir='ltr'><strong>videtur</strong></span> <span class='ocrx_word' id='word_1_17' title='bbox 1127 449 1227 502; x_wconf 74' lang='lat' dir='ltr'><strong>Eximiu</strong></span> <span class='ocrx_word' id='word_1_18' title='bbox 1236 466 1268 503; x_wconf 85' lang='lat' dir='ltr'><strong>rt·</strong></span> 
     </span>
     <span class='ocr_line' id='line_1_3' title="bbox 170 526 1270 594; baseline -0.002 -14"><span class='ocrx_word' id='word_1_19' title='bbox 170 532 232 589; x_wconf 76' lang='lat' dir='ltr'><strong>tatis</strong></span> <span class='ocrx_word' id='word_1_20' title='bbox 243 531 441 594; x_wconf 84' lang='lat' dir='ltr'><strong>quodammodo,</strong></span> <span class='ocrx_word' id='word_1_21' title='bbox 458 538 485 578; x_wconf 92' lang='lat' dir='ltr'><strong>et</strong></span> <span class='ocrx_word' id='word_1_22' title='bbox 500 529 635 591; x_wconf 87' lang='lat' dir='ltr'><strong>temporis,</strong></span> <span class='ocrx_word' id='word_1_23' title='bbox 654 527 701 576; x_wconf 91' lang='lat' dir='ltr'><strong>sub</strong></span> <span class='ocrx_word' id='word_1_24' title='bbox 737 528 808 588; x_wconf 77' lang='lat' dir='ltr'><strong>gione</strong></span> <span class='ocrx_word' id='word_1_25' title='bbox 818 528 907 585; x_wconf 74' lang='lat' dir='ltr'><strong>toruus,</strong></span> <span class='ocrx_word' id='word_1_26' title='bbox 919 533 947 574; x_wconf 91' lang='lat' dir='ltr'><strong>ut</strong></span> <span class='ocrx_word' id='word_1_27' title='bbox 960 526 1119 575; x_wconf 77' lang='lat' dir='ltr'><strong>cohaereant.</strong></span> <span class='ocrx_word' id='word_1_28' title='bbox 1143 528 1178 577; x_wconf 88' lang='lat' dir='ltr'><strong>D.</strong></span> <span class='ocrx_word' id='word_1_29' title='bbox 1188 528 1270 579; x_wconf 74' lang='lat' dir='ltr'><strong>fletu.</strong></span> 
     </span>
     <span class='ocr_line' id='line_1_4' title="bbox 171 603 1271 668; baseline -0.002 -11"><span class='ocrx_word' id='word_1_30' title='bbox 171 622 318 665; x_wconf 83' lang='lat' dir='ltr'><strong>mensuram</strong></span> <span class='ocrx_word' id='word_1_31' title='bbox 338 622 389 655; x_wconf 89' lang='lat' dir='ltr'><strong>nun</strong></span> <span class='ocrx_word' id='word_1_32' title='bbox 408 605 535 667; x_wconf 87' lang='lat' dir='ltr'><strong>cadentia,</strong></span> <span class='ocrx_word' id='word_1_33' title='bbox 552 611 579 654; x_wconf 85' lang='lat' dir='ltr'><strong>et</strong></span> <span class='ocrx_word' id='word_1_34' title='bbox 595 606 643 653; x_wconf 86' lang='lat' dir='ltr'><strong>lroc</strong></span> <span class='ocrx_word' id='word_1_35' title='bbox 662 609 703 652; x_wconf 89' lang='lat' dir='ltr'><strong>est</strong></span> <span class='ocrx_word' id='word_1_36' title='bbox 772 608 821 652; x_wconf 84' lang='grc'><strong>464</strong></span> <span class='ocrx_word' id='word_1_37' title='bbox 839 606 887 663; x_wconf 83' lang='lat' dir='ltr'><strong>En,</strong></span> <span class='ocrx_word' id='word_1_38' title='bbox 898 606 935 653; x_wconf 83' lang='lat' dir='ltr'><strong>oui</strong></span> <span class='ocrx_word' id='word_1_39' title='bbox 946 603 1092 664; x_wconf 70' lang='lat' dir='ltr'><strong>distulimus]</strong></span> <span class='ocrx_word' id='word_1_40' title='bbox 1110 605 1271 668; x_wconf 78' lang='lat' dir='ltr'><strong>lnquemdir-</strong></span> 
     </span>
     <span class='ocr_line' id='line_1_5' title="bbox 172 682 1272 744; baseline -0.004 -11"><span class='ocrx_word' id='word_1_41' title='bbox 172 698 264 734; x_wconf 78' lang='lat' dir='ltr'><strong>mrum.</strong></span> <span class='ocrx_word' id='word_1_42' title='bbox 741 683 838 730; x_wconf 79' lang='lat' dir='ltr'><strong>tulimus</strong></span> <span class='ocrx_word' id='word_1_43' title='bbox 847 682 921 744; x_wconf 90' lang='lat' dir='ltr'><strong>prim.</strong></span> <span class='ocrx_word' id='word_1_44' title='bbox 933 690 960 730; x_wconf 93' lang='lat' dir='ltr'><strong>et</strong></span> <span class='ocrx_word' id='word_1_45' title='bbox 971 690 1031 731; x_wconf 86' lang='lat' dir='ltr'><strong>tert.</strong></span> <span class='ocrx_word' id='word_1_46' title='bbox 1042 682 1128 730; x_wconf 87' lang='lat' dir='ltr'><strong>Vatic.</strong></span> <span class='ocrx_word' id='word_1_47' title='bbox 1140 697 1200 731; x_wconf 89' lang='lat' dir='ltr'><strong>cum</strong></span> <span class='ocrx_word' id='word_1_48' title='bbox 1218 683 1272 731; x_wconf 86' lang='lat' dir='ltr'><strong>aliis</strong></span> 
     </span>
    </p>

    <p class='ocr_par' dir='ltr' id='par_1_3' title="bbox 172 757 1274 974">
     <span class='ocr_line' id='line_1_6' title="bbox 207 757 1274 822; baseline -0.001 -15"><span class='ocrx_word' id='word_1_49' title='bbox 207 758 320 822; x_wconf 78' lang='lat' dir='ltr'><em>Tempora</em></span> <span class='ocrx_word' id='word_1_50' title='bbox 330 765 396 808; x_wconf 80' lang='lat' dir='ltr'><strong>coeto</strong></span> <span class='ocrx_word' id='word_1_51' title='bbox 408 758 548 821; x_wconf 80' lang='lat' dir='ltr'><strong>Suppeditut</strong></span> <span class='ocrx_word' id='word_1_52' title='bbox 567 761 704 819; x_wconf 81' lang='lat' dir='ltr'><strong>reuocatque</strong></span> <span class='ocrx_word' id='word_1_53' title='bbox 742 766 861 822; x_wconf 85' lang='lat' dir='ltr'><strong>quatuor.</strong></span> <span class='ocrx_word' id='word_1_54' title='bbox 894 757 936 806; x_wconf 85' lang='lat' dir='ltr'><strong>Sic</strong></span> <span class='ocrx_word' id='word_1_55' title='bbox 948 757 1274 820; x_wconf 74' lang='lat' dir='ltr'><strong>1V.Cous.Honorii,‘sed</strong></span> 
     </span>
     <span class='ocr_line' id='line_1_7' title="bbox 172 831 1274 898; baseline -0.005 -12"><span class='ocrx_word' id='word_1_56' title='bbox 172 833 238 898; x_wconf 76' lang='lat' dir='ltr'><strong>sinu]</strong></span> <span class='ocrx_word' id='word_1_57' title='bbox 255 836 390 898; x_wconf 85' lang='lat' dir='ltr'><strong>Ordinem,</strong></span> <span class='ocrx_word' id='word_1_58' title='bbox 399 836 587 895; x_wconf 87' lang='lat' dir='ltr'><strong>ditinctioues‚</strong></span> <span class='ocrx_word' id='word_1_59' title='bbox 602 834 705 887; x_wconf 86' lang='lat' dir='ltr'><strong>uomina</strong></span> <span class='ocrx_word' id='word_1_60' title='bbox 743 836 832 898; x_wconf 84' lang='lat' dir='ltr'><strong>praelia</strong></span> <span class='ocrx_word' id='word_1_61' title='bbox 848 832 925 882; x_wconf 81' lang='lat' dir='ltr'><strong>differ</strong></span> <span class='ocrx_word' id='word_1_62' title='bbox 945 835 975 883; x_wconf 91' lang='lat' dir='ltr'><strong>lu</strong></span> <span class='ocrx_word' id='word_1_63' title='bbox 990 833 1139 891; x_wconf 85' lang='lat' dir='ltr'><strong>Juveuem‚&#39;</strong></span> <span class='ocrx_word' id='word_1_64' title='bbox 1155 838 1215 883; x_wconf 83' lang='grc'><strong>686.</strong></span> <span class='ocrx_word' id='word_1_65' title='bbox 1232 831 1274 882; x_wconf 87' lang='lat' dir='ltr'><strong>ubi</strong></span> 
     </span>
     <span class='ocr_line' id='line_1_8' title="bbox 172 910 1152 974; baseline -0.001 -13"><span class='ocrx_word' id='word_1_66' title='bbox 172 912 232 973; x_wconf 75' lang='lat' dir='ltr'><strong>mvi,</strong></span> <span class='ocrx_word' id='word_1_67' title='bbox 241 918 358 973; x_wconf 86' lang='lat' dir='ltr'><strong>tempora</strong></span> <span class='ocrx_word' id='word_1_68' title='bbox 369 919 455 962; x_wconf 83' lang='lat' dir='ltr'><strong>vocat.</strong></span> <span class='ocrx_word' id='word_1_69' title='bbox 472 910 562 960; x_wconf 81' lang='lat' dir='ltr'><strong>Burtlu.</strong></span> <span class='ocrx_word' id='word_1_70' title='bbox 743 913 818 974; x_wconf 89' lang='lat' dir='ltr'><strong>plura</strong></span> <span class='ocrx_word' id='word_1_71' title='bbox 829 910 863 959; x_wconf 85' lang='lat' dir='ltr'><strong>ad</strong></span> <span class='ocrx_word' id='word_1_72' title='bbox 874 925 926 959; x_wconf 85' lang='lat' dir='ltr'><strong>rem</strong></span> <span class='ocrx_word' id='word_1_73' title='bbox 939 910 1059 959; x_wconf 88' lang='lat' dir='ltr'><strong>diximus.</strong></span> <span class='ocrx_word' id='word_1_74' title='bbox 1076 911 1152 960; x_wconf 81' lang='lat' dir='ltr'><strong>Idem.</strong></span> 
     </span>
    </p>

    <p class='ocr_par' dir='ltr' id='par_1_4' title="bbox 173 985 1278 1264">
     <span class='ocr_line' id='line_1_9' title="bbox 203 985 1275 1050; baseline -0.001 -14"><span class='ocrx_word' id='word_1_75' title='bbox 203 991 253 1036; x_wconf 76' lang='grc'><strong>449</strong></span> <span class='ocrx_word' id='word_1_76' title='bbox 271 986 538 1050; x_wconf 82' lang='lat' dir='ltr'><strong>Perpetuumqueuiret]</strong></span> <span class='ocrx_word' id='word_1_77' title='bbox 559 986 644 1035; x_wconf 82' lang='lat' dir='ltr'><strong>Virens</strong></span> <span class='ocrx_word' id='word_1_78' title='bbox 652 985 704 1047; x_wconf 83' lang='lat' dir='ltr'><strong>Gy·</strong></span> <span class='ocrx_word' id='word_1_79' title='bbox 775 991 823 1036; x_wconf 80' lang='grc'><strong>467</strong></span> <span class='ocrx_word' id='word_1_80' title='bbox 852 987 950 1036; x_wconf 82' lang='lat' dir='ltr'><strong>Hilures</strong></span> <span class='ocrx_word' id='word_1_81' title='bbox 971 985 1075 1047; x_wconf 77' lang='lat' dir='ltr'><strong>Buoono]</strong></span> <span class='ocrx_word' id='word_1_82' title='bbox 1099 986 1194 1047; x_wconf 82' lang='lat' dir='ltr'><strong>Bucolu&#39;</strong></span> <span class='ocrx_word' id='word_1_83' title='bbox 1214 1000 1275 1036; x_wconf 87' lang='lat' dir='ltr'><strong>unus</strong></span> 
     </span>
     <span class='ocr_line' id='line_1_10' title="bbox 173 1060 1277 1130; baseline 0 -17"><span class='ocrx_word' id='word_1_84' title='bbox 173 1062 240 1114; x_wconf 81' lang='lat' dir='ltr'><strong>rald.</strong></span> <span class='ocrx_word' id='word_1_85' title='bbox 252 1069 280 1130; x_wconf 88' lang='lat' dir='ltr'><strong>et</strong></span> <span class='ocrx_word' id='word_1_86' title='bbox 290 1064 410 1111; x_wconf 82' lang='lat' dir='ltr'><strong>reductum</strong></span> <span class='ocrx_word' id='word_1_87' title='bbox 425 1062 500 1125; x_wconf 85' lang='lat' dir='ltr'><strong>prim.</strong></span> <span class='ocrx_word' id='word_1_88' title='bbox 512 1060 598 1111; x_wconf 87' lang='lat' dir='ltr'><strong>Vatic.</strong></span> <span class='ocrx_word' id='word_1_89' title='bbox 611 1062 705 1124; x_wconf 86' lang='lat' dir='ltr'><strong>aliique</strong></span> <span class='ocrx_word' id='word_1_90' title='bbox 744 1061 863 1112; x_wconf 85' lang='lat' dir='ltr'><strong>Ambros.</strong></span> <span class='ocrx_word' id='word_1_91' title='bbox 875 1077 925 1111; x_wconf 91' lang='lat' dir='ltr'><strong>uou</strong></span> <span class='ocrx_word' id='word_1_92' title='bbox 937 1062 1105 1125; x_wconf 77' lang='lat' dir='ltr'><strong>ineleganter.</strong></span> <span class='ocrx_word' id='word_1_93' title='bbox 1123 1063 1228 1113; x_wconf 87' lang='lat' dir='ltr'><strong>Multus</strong></span> <span class='ocrx_word' id='word_1_94' title='bbox 1239 1069 1277 1112; x_wconf 86' lang='lat' dir='ltr'><strong>est</strong></span> 
     </span>
     <span class='ocr_line' id='line_1_11' title="bbox 173 1138 1278 1203; baseline -0.004 -12"><span class='ocrx_word' id='word_1_95' title='bbox 173 1153 226 1191; x_wconf 76' lang='lat' dir='ltr'><strong>nou</strong></span> <span class='ocrx_word' id='word_1_96' title='bbox 238 1139 324 1201; x_wconf 89' lang='lat' dir='ltr'><strong>pauci.</strong></span> <span class='ocrx_word' id='word_1_97' title='bbox 358 1138 411 1187; x_wconf 89' lang='lat' dir='ltr'><strong>Pro</strong></span> <span class='ocrx_word' id='word_1_98' title='bbox 429 1141 496 1203; x_wconf 78' lang='lat' dir='ltr'><strong>lapsu</strong></span> <span class='ocrx_word' id='word_1_99' title='bbox 513 1139 705 1187; x_wconf 86' lang='lat' dir='ltr'><strong>Lovan.mursu.</strong></span> <span class='ocrx_word' id='word_1_100' title='bbox 744 1139 770 1188; x_wconf 90' lang='lat' dir='ltr'><strong>iu</strong></span> <span class='ocrx_word' id='word_1_101' title='bbox 781 1139 850 1187; x_wconf 89' lang='lat' dir='ltr'><strong>bisce</strong></span> <span class='ocrx_word' id='word_1_102' title='bbox 862 1138 982 1187; x_wconf 87' lang='lat' dir='ltr'><strong>secundis</strong></span> <span class='ocrx_word' id='word_1_103' title='bbox 1001 1138 1104 1186; x_wconf 82' lang='lat' dir='ltr'><strong>casibus</strong></span> <span class='ocrx_word' id='word_1_104' title='bbox 1117 1138 1197 1189; x_wconf 87' lang='lat' dir='ltr'><strong>Silius</strong></span> <span class='ocrx_word' id='word_1_105' title='bbox 1210 1139 1278 1189; x_wconf 85' lang='lat' dir='ltr'><strong>ltsli·</strong></span> 
     </span>
     <span class='ocr_line' id='line_1_12' title="bbox 174 1213 889 1264; baseline 0 -1"><span class='ocrx_word' id='word_1_106' title='bbox 174 1214 209 1264; x_wconf 87' lang='lat' dir='ltr'><strong>D.</strong></span> <span class='ocrx_word' id='word_1_107' title='bbox 218 1213 310 1263; x_wconf 87' lang='lat' dir='ltr'><strong>Heius.</strong></span> <span class='ocrx_word' id='word_1_108' title='bbox 744 1228 797 1262; x_wconf 88' lang='lat' dir='ltr'><strong>cus.</strong></span> <span class='ocrx_word' id='word_1_109' title='bbox 814 1215 889 1263; x_wconf 82' lang='lat' dir='ltr'><strong>Idem.</strong></span> 
     </span>
    </p>

    <p class='ocr_par' dir='ltr' id='par_1_5' title="bbox 174 1287 1281 1884">
     <span class='ocr_line' id='line_1_13' title="bbox 206 1287 1278 1355; baseline 0.001 -16"><span class='ocrx_word' id='word_1_110' title='bbox 206 1287 418 1351; x_wconf 68' lang='lat' dir='ltr'><strong>tremulusque</strong></span> <span class='ocrx_word' id='word_1_111' title='bbox 433 1289 522 1352; x_wconf 87' lang='lat' dir='ltr'><strong>morus]</strong></span> <span class='ocrx_word' id='word_1_112' title='bbox 549 1290 627 1338; x_wconf 86' lang='lat' dir='ltr'><strong>Fixas</strong></span> <span class='ocrx_word' id='word_1_113' title='bbox 649 1303 707 1338; x_wconf 89' lang='lat' dir='ltr'><strong>cur·</strong></span> <span class='ocrx_word' id='word_1_114' title='bbox 777 1295 826 1341; x_wconf 80' lang='grc'><strong>462</strong></span> <span class='ocrx_word' id='word_1_115' title='bbox 843 1291 969 1353; x_wconf 83' lang='lat' dir='ltr'><strong>Proerupto</strong></span> <span class='ocrx_word' id='word_1_116' title='bbox 982 1291 1092 1340; x_wconf 79' lang='lat' dir='ltr'><strong>dissolvet</strong></span> <span class='ocrx_word' id='word_1_117' title='bbox 1102 1290 1229 1355; x_wconf 77' lang='lat' dir='ltr'><strong>Aquarius</strong></span> <span class='ocrx_word' id='word_1_118' title='bbox 1238 1291 1278 1340; x_wconf 80' lang='lat' dir='ltr'><strong>im·</strong></span> 
     </span>
     <span class='ocr_line' id='line_1_14' title="bbox 176 1364 1279 1431; baseline 0.003 -18"><span class='ocrx_word' id='word_1_119' title='bbox 176 1371 315 1428; x_wconf 86' lang='lat' dir='ltr'><strong>rentesque</strong></span> <span class='ocrx_word' id='word_1_120' title='bbox 339 1366 429 1413; x_wconf 85' lang='lat' dir='ltr'><strong>stellas</strong></span> <span class='ocrx_word' id='word_1_121' title='bbox 451 1364 531 1413; x_wconf 88' lang='lat' dir='ltr'><strong>dicit:</strong></span> <span class='ocrx_word' id='word_1_122' title='bbox 560 1365 597 1413; x_wconf 89' lang='lat' dir='ltr'><strong>sic</strong></span> <span class='ocrx_word' id='word_1_123' title='bbox 619 1370 706 1413; x_wconf 89' lang='lat' dir='ltr'><strong>tamen</strong></span> <span class='ocrx_word' id='word_1_124' title='bbox 745 1367 795 1431; x_wconf 79' lang='lat' dir='ltr'><strong>bre]</strong></span> <span class='ocrx_word' id='word_1_125' title='bbox 813 1367 855 1415; x_wconf 85' lang='lat' dir='ltr'><strong>lta</strong></span> <span class='ocrx_word' id='word_1_126' title='bbox 872 1376 900 1416; x_wconf 90' lang='lat' dir='ltr'><strong>et</strong></span> <span class='ocrx_word' id='word_1_127' title='bbox 917 1367 1017 1431; x_wconf 89' lang='lat' dir='ltr'><strong>scripti.</strong></span> <span class='ocrx_word' id='word_1_128' title='bbox 1043 1368 1136 1416; x_wconf 80' lang='lat' dir='ltr'><strong>Malim</strong></span> <span class='ocrx_word' id='word_1_129' title='bbox 1155 1367 1279 1416; x_wconf 87' lang='lat' dir='ltr'><strong>nihilomi-</strong></span> 
     </span>
     <span class='ocr_line' id='line_1_15' title="bbox 175 1431 1278 1506; baseline 0.002 -17"><span class='ocrx_word' id='word_1_130' title='bbox 175 1431 359 1504; x_wconf 68' lang='lat' dir='ltr'><strong>rumrururlpur</strong></span> <span class='ocrx_word' id='word_1_131' title='bbox 374 1439 432 1490; x_wconf 78' lang='lat' dir='ltr'><strong>brec</strong></span> <span class='ocrx_word' id='word_1_132' title='bbox 452 1442 551 1503; x_wconf 86' lang='lat' dir='ltr'><strong>capias,</strong></span> <span class='ocrx_word' id='word_1_133' title='bbox 567 1447 596 1489; x_wconf 86' lang='lat' dir='ltr'><strong>ut</strong></span> <span class='ocrx_word' id='word_1_134' title='bbox 618 1455 707 1491; x_wconf 88' lang='lat' dir='ltr'><strong>cursus</strong></span> <span class='ocrx_word' id='word_1_135' title='bbox 746 1457 803 1504; x_wconf 84' lang='lat' dir='ltr'><strong>uus,</strong></span> <span class='ocrx_word' id='word_1_136' title='bbox 810 1447 923 1504; x_wconf 88' lang='lat' dir='ltr'><strong>prorupto</strong></span> <span class='ocrx_word' id='word_1_137' title='bbox 931 1443 1014 1500; x_wconf 84' lang='lat' dir='ltr'><strong>imbro,</strong></span> <span class='ocrx_word' id='word_1_138' title='bbox 1023 1456 1069 1505; x_wconf 91' lang='lat' dir='ltr'><strong>pro</strong></span> <span class='ocrx_word' id='word_1_139' title='bbox 1079 1449 1278 1506; x_wconf 85' lang='lat' dir='ltr'><strong>prorumpente:</strong></span> 
     </span>
     <span class='ocr_line' id='line_1_16' title="bbox 174 1515 1280 1583; baseline 0.001 -17"><span class='ocrx_word' id='word_1_140' title='bbox 174 1516 283 1567; x_wconf 78' lang='lat' dir='ltr'><strong>stabiles</strong></span> <span class='ocrx_word' id='word_1_141' title='bbox 294 1517 369 1566; x_wconf 88' lang='lat' dir='ltr'><strong>simul</strong></span> <span class='ocrx_word' id='word_1_142' title='bbox 381 1530 439 1565; x_wconf 90' lang='lat' dir='ltr'><strong>cum</strong></span> <span class='ocrx_word' id='word_1_143' title='bbox 449 1515 527 1564; x_wconf 86' lang='lat' dir='ltr'><strong>moris</strong></span> <span class='ocrx_word' id='word_1_144' title='bbox 539 1515 666 1565; x_wconf 88' lang='lat' dir='ltr'><strong>dicautur.</strong></span> <span class='ocrx_word' id='word_1_145' title='bbox 747 1520 873 1582; x_wconf 91' lang='lat' dir='ltr'><strong>quomodo</strong></span> <span class='ocrx_word' id='word_1_146' title='bbox 884 1520 952 1582; x_wconf 87' lang='lat' dir='ltr'><strong>apud</strong></span> <span class='ocrx_word' id='word_1_147' title='bbox 964 1520 1115 1568; x_wconf 87' lang='lat' dir='ltr'><strong>Maronem:</strong></span> <span class='ocrx_word' id='word_1_148' title='bbox 1128 1520 1136 1548; x_wconf 88' lang='lat'><em>‘</em></span> <span class='ocrx_word' id='word_1_149' title='bbox 1147 1518 1226 1569; x_wconf 85' lang='lat' dir='ltr'><strong>Unde</strong></span> <span class='ocrx_word' id='word_1_150' title='bbox 1236 1533 1280 1583; x_wconf 90' lang='lat' dir='ltr'><strong>per</strong></span> 
     </span>
     <span class='ocr_line' id='line_1_17' title="bbox 184 1590 1280 1658; baseline 0.001 -17"><span class='ocrx_word' id='word_1_151' title='bbox 184 1650 189 1658; x_wconf 34' lang='grc' dir='ltr'>Ι</span> <span class='ocrx_word' id='word_1_152' title='bbox 210 1593 303 1648; x_wconf 79' lang='lat' dir='ltr'><strong>Quibus</strong></span> <span class='ocrx_word' id='word_1_153' title='bbox 325 1592 403 1640; x_wconf 79' lang='lat' dir='ltr'><strong>omniu</strong></span> <span class='ocrx_word' id='word_1_154' title='bbox 428 1592 509 1639; x_wconf 81' lang='lat' dir='ltr'><strong>uiuunt</strong></span> <span class='ocrx_word' id='word_1_155' title='bbox 532 1592 569 1639; x_wconf 80' lang='lat' dir='ltr'><strong>Ao</strong></span> <span class='ocrx_word' id='word_1_156' title='bbox 595 1590 707 1654; x_wconf 86' lang='lat' dir='ltr'><strong>pereunt]</strong></span> <span class='ocrx_word' id='word_1_157' title='bbox 746 1609 792 1643; x_wconf 87' lang='lat' dir='ltr'><strong>ora</strong></span> <span class='ocrx_word' id='word_1_158' title='bbox 808 1608 899 1644; x_wconf 81' lang='lat' dir='ltr'><strong>norem</strong></span> <span class='ocrx_word' id='word_1_159' title='bbox 911 1602 984 1644; x_wconf 81' lang='lat' dir='ltr'><strong>vesto</strong></span> <span class='ocrx_word' id='word_1_160' title='bbox 997 1610 1056 1644; x_wconf 90' lang='lat' dir='ltr'><strong>cum</strong></span> <span class='ocrx_word' id='word_1_161' title='bbox 1067 1609 1200 1644; x_wconf 89' lang='lat' dir='ltr'><strong>murmure</strong></span> <span class='ocrx_word' id='word_1_162' title='bbox 1212 1609 1280 1644; x_wconf 87' lang='lat' dir='ltr'><strong>mon·</strong></span> 
     </span>
     <span class='ocr_line' id='line_1_18' title="bbox 176 1663 1281 1733; baseline 0.004 -19"><span class='ocrx_word' id='word_1_163' title='bbox 176 1666 271 1731; x_wconf 77' lang='lat' dir='ltr'><strong>Omnia</strong></span> <span class='ocrx_word' id='word_1_164' title='bbox 292 1663 360 1713; x_wconf 88' lang='lat' dir='ltr'><strong>euim</strong></span> <span class='ocrx_word' id='word_1_165' title='bbox 382 1670 484 1726; x_wconf 86' lang='lat' dir='ltr'><strong>tempus</strong></span> <span class='ocrx_word' id='word_1_166' title='bbox 507 1679 578 1712; x_wconf 88' lang='lat' dir='ltr'><strong>suum</strong></span> <span class='ocrx_word' id='word_1_167' title='bbox 602 1664 707 1725; x_wconf 87' lang='lat' dir='ltr'><strong>babent,</strong></span> <span class='ocrx_word' id='word_1_168' title='bbox 747 1668 781 1717; x_wconf 82' lang='lat' dir='ltr'><strong>tis</strong></span> <span class='ocrx_word' id='word_1_169' title='bbox 803 1668 829 1718; x_wconf 89' lang='lat' dir='ltr'><strong>It</strong></span> <span class='ocrx_word' id='word_1_170' title='bbox 851 1684 920 1718; x_wconf 82' lang='lat' dir='ltr'><strong>snare</strong></span> <span class='ocrx_word' id='word_1_171' title='bbox 942 1669 1113 1733; x_wconf 71' lang='lat' dir='ltr'><strong>proruptum!</strong></span> <span class='ocrx_word' id='word_1_172' title='bbox 1148 1669 1210 1719; x_wconf 85' lang='lat' dir='ltr'><strong>Lib.</strong></span> <span class='ocrx_word' id='word_1_173' title='bbox 1233 1681 1281 1718; x_wconf 81' lang='lat' dir='ltr'><strong>vn.</strong></span> 
     </span>
     <span class='ocr_line' id='line_1_19' title="bbox 177 1740 1281 1808; baseline -0.001 -16"><span class='ocrx_word' id='word_1_174' title='bbox 177 1750 223 1792; x_wconf 87' lang='lat' dir='ltr'><strong>aut</strong></span> <span class='ocrx_word' id='word_1_175' title='bbox 245 1741 348 1792; x_wconf 85' lang='lat' dir='ltr'><strong>affixum</strong></span> <span class='ocrx_word' id='word_1_176' title='bbox 374 1740 461 1805; x_wconf 88' lang='lat' dir='ltr'><strong>astris,</strong></span> <span class='ocrx_word' id='word_1_177' title='bbox 483 1748 529 1790; x_wconf 89' lang='lat' dir='ltr'><strong>aut</strong></span> <span class='ocrx_word' id='word_1_178' title='bbox 555 1742 706 1791; x_wconf 83' lang='lat' dir='ltr'><strong>indicatum.</strong></span> <span class='ocrx_word' id='word_1_179' title='bbox 746 1747 876 1808; x_wconf 86' lang='lat' dir='ltr'><strong>‘ossaque</strong></span> <span class='ocrx_word' id='word_1_180' title='bbox 888 1754 915 1794; x_wconf 93' lang='lat' dir='ltr'><strong>et</strong></span> <span class='ocrx_word' id='word_1_181' title='bbox 927 1753 998 1794; x_wconf 79' lang='lat' dir='ltr'><strong>artus</strong></span> <span class='ocrx_word' id='word_1_182' title='bbox 1019 1743 1142 1793; x_wconf 84' lang='lat' dir='ltr'><strong>Perfudit</strong></span> <span class='ocrx_word' id='word_1_183' title='bbox 1154 1748 1213 1794; x_wconf 87' lang='lat' dir='ltr'><strong>toto</strong></span> <span class='ocrx_word' id='word_1_184' title='bbox 1225 1758 1281 1808; x_wconf 87' lang='lat' dir='ltr'><strong>pro·</strong></span> 
     </span>
     <span class='ocr_line' id='line_1_20' title="bbox 177 1818 1281 1884; baseline 0 -16"><span class='ocrx_word' id='word_1_185' title='bbox 177 1818 265 1868; x_wconf 83' lang='lat' dir='ltr'><strong>Burtls.</strong></span> <span class='ocrx_word' id='word_1_186' title='bbox 748 1818 1064 1883; x_wconf 87' lang='lat' dir='ltr'><strong>ruptuscorporesudur.&#39;</strong></span> <span class='ocrx_word' id='word_1_187' title='bbox 1091 1819 1143 1868; x_wconf 85' lang='lat' dir='ltr'><strong>Sed</strong></span> <span class='ocrx_word' id='word_1_188' title='bbox 1155 1820 1241 1884; x_wconf 76' lang='lat' dir='ltr'><strong>magis.</strong></span> <span class='ocrx_word' id='word_1_189' title='bbox 1250 1818 1281 1868; x_wconf 83' lang='lat' dir='ltr'><strong>ad</strong></span> 
     </span>
    </p>

    <p class='ocr_par' dir='ltr' id='par_1_6' title="bbox 127 1893 1285 2869">
     <span class='ocr_line' id='line_1_21' title="bbox 209 1893 1283 1959; baseline -0.003 -14"><span class='ocrx_word' id='word_1_190' title='bbox 209 1900 259 1945; x_wconf 82' lang='grc'><strong>466</strong></span> <span class='ocrx_word' id='word_1_191' title='bbox 276 1896 348 1946; x_wconf 79' lang='lat' dir='ltr'><strong>Finis</strong></span> <span class='ocrx_word' id='word_1_192' title='bbox 364 1911 417 1945; x_wconf 86' lang='lat' dir='ltr'><strong>oum</strong></span> <span class='ocrx_word' id='word_1_193' title='bbox 436 1895 536 1959; x_wconf 58' lang='lat' dir='ltr'><strong>nribus]</strong></span> <span class='ocrx_word' id='word_1_194' title='bbox 567 1895 635 1944; x_wconf 88' lang='lat' dir='ltr'><strong>Puto</strong></span> <span class='ocrx_word' id='word_1_195' title='bbox 646 1893 710 1959; x_wconf 79' lang='lat' dir='ltr'><strong>fixis</strong></span> <span class='ocrx_word' id='word_1_196' title='bbox 748 1909 803 1943; x_wconf 89' lang='lat' dir='ltr'><strong>rem</strong></span> <span class='ocrx_word' id='word_1_197' title='bbox 815 1894 1069 1956; x_wconf 85' lang='lat' dir='ltr'><strong>illaValeriiFlacci‚</strong></span> <span class='ocrx_word' id='word_1_198' title='bbox 1081 1894 1126 1945; x_wconf 88' lang='lat' dir='ltr'><strong>lib.</strong></span> <span class='ocrx_word' id='word_1_199' title='bbox 1137 1909 1176 1944; x_wconf 85' lang='lat' dir='ltr'><strong>vr.</strong></span> <span class='ocrx_word' id='word_1_200' title='bbox 1194 1894 1283 1943; x_wconf 81' lang='lat' dir='ltr'><strong>‘velut</strong></span> 
     </span>
     <span class='ocr_line' id='line_1_22' title="bbox 177 1970 1282 2037; baseline -0.004 -15"><span class='ocrx_word' id='word_1_201' title='bbox 177 1987 220 2022; x_wconf 84' lang='lat' dir='ltr'><strong>reu</strong></span> <span class='ocrx_word' id='word_1_202' title='bbox 231 1972 328 2034; x_wconf 75' lang='lat' dir='ltr'><strong>legibus.</strong></span> <span class='ocrx_word' id='word_1_203' title='bbox 345 1971 465 2037; x_wconf 82' lang='lat' dir='ltr'>frequens</span> <span class='ocrx_word' id='word_1_204' title='bbox 477 1986 558 2034; x_wconf 86' lang='lat' dir='ltr'><strong>error,</strong></span> <span class='ocrx_word' id='word_1_205' title='bbox 578 1986 627 2036; x_wconf 87' lang='lat' dir='ltr'><strong>quo</strong></span> <span class='ocrx_word' id='word_1_206' title='bbox 638 1971 710 2033; x_wconf 88' lang='lat' dir='ltr'><strong>Apu·</strong></span> <span class='ocrx_word' id='word_1_207' title='bbox 749 1971 857 2020; x_wconf 86' lang='lat' dir='ltr'><strong>hiberno</strong></span> <span class='ocrx_word' id='word_1_208' title='bbox 878 1979 1015 2033; x_wconf 84' lang='lat' dir='ltr'><strong>proruptus</strong></span> <span class='ocrx_word' id='word_1_209' title='bbox 1033 1970 1065 2019; x_wconf 80' lang='lat' dir='ltr'><strong>ab</strong></span> <span class='ocrx_word' id='word_1_210' title='bbox 1084 1984 1146 2019; x_wconf 88' lang='lat' dir='ltr'><strong>arcu</strong></span> <span class='ocrx_word' id='word_1_211' title='bbox 1158 1970 1249 2020; x_wconf 88' lang='lat' dir='ltr'><strong>Imber</strong></span> <span class='ocrx_word' id='word_1_212' title='bbox 1259 1985 1282 2018; x_wconf 92' lang='lat' dir='ltr'><strong>a·</strong></span> 
     </span>
     <span class='ocr_line' id='line_1_23' title="bbox 174 2045 1282 2113; baseline -0.002 -17"><span class='ocrx_word' id='word_1_213' title='bbox 174 2048 255 2113; x_wconf 79' lang='lat' dir='ltr'><strong>¹leium</strong></span> <span class='ocrx_word' id='word_1_214' title='bbox 274 2062 326 2096; x_wconf 90' lang='lat' dir='ltr'><strong>uun</strong></span> <span class='ocrx_word' id='word_1_215' title='bbox 346 2048 426 2096; x_wconf 86' lang='lat' dir='ltr'><strong>semel</strong></span> <span class='ocrx_word' id='word_1_216' title='bbox 445 2047 618 2096; x_wconf 77' lang='lat' dir='ltr'><strong>liberavimus.</strong></span> <span class='ocrx_word' id='word_1_217' title='bbox 637 2047 711 2108; x_wconf 85' lang='lat' dir='ltr'><strong>prim.</strong></span> <span class='ocrx_word' id='word_1_218' title='bbox 750 2060 813 2109; x_wconf 84' lang='lat' dir='ltr'><strong>gens</strong></span> <span class='ocrx_word' id='word_1_219' title='bbox 838 2045 976 2108; x_wconf 68' lang='lat' dir='ltr'><strong>scopulos!</strong></span> <span class='ocrx_word' id='word_1_220' title='bbox 1019 2047 1117 2095; x_wconf 78' lang='lat' dir='ltr'><strong>Noster</strong></span> <span class='ocrx_word' id='word_1_221' title='bbox 1138 2046 1194 2110; x_wconf 86' lang='lat' dir='ltr'><strong>ipse</strong></span> <span class='ocrx_word' id='word_1_222' title='bbox 1212 2046 1282 2097; x_wconf 67' lang='lat' dir='ltr'><strong>,bello</strong></span> 
     </span>
     <span class='ocr_line' id='line_1_24' title="bbox 177 2120 1284 2186; baseline -0.001 -14"><span class='ocrx_word' id='word_1_223' title='bbox 177 2123 266 2174; x_wconf 86' lang='lat' dir='ltr'><strong>Vatic.</strong></span> <span class='ocrx_word' id='word_1_224' title='bbox 285 2124 378 2186; x_wconf 88' lang='lat' dir='ltr'><strong>aliique</strong></span> <span class='ocrx_word' id='word_1_225' title='bbox 390 2137 440 2171; x_wconf 89' lang='lat' dir='ltr'><strong>nou</strong></span> <span class='ocrx_word' id='word_1_226' title='bbox 452 2122 529 2185; x_wconf 90' lang='lat' dir='ltr'><strong>pauci</strong></span> <span class='ocrx_word' id='word_1_227' title='bbox 541 2122 713 2184; x_wconf 83' lang='lat' dir='ltr'><strong>distinguunt,</strong></span> <span class='ocrx_word' id='word_1_228' title='bbox 750 2120 856 2170; x_wconf 87' lang='lat' dir='ltr'><strong>Gilduu.</strong></span> <span class='ocrx_word' id='word_1_229' title='bbox 871 2121 976 2185; x_wconf 84' lang='lat' dir='ltr'><strong>‘Mergi</strong></span> <span class='ocrx_word' id='word_1_230' title='bbox 987 2123 1070 2185; x_wconf 90' lang='lat' dir='ltr'><strong>prima</strong></span> <span class='ocrx_word' id='word_1_231' title='bbox 1087 2127 1160 2184; x_wconf 86' lang='lat' dir='ltr'><strong>peto.</strong></span> <span class='ocrx_word' id='word_1_232' title='bbox 1178 2123 1284 2172; x_wconf 87' lang='lat' dir='ltr'><strong>veniant</strong></span> 
     </span>
     <span class='ocr_line' id='line_1_25' title="bbox 171 2195 1284 2265; baseline -0.004 -17"><span class='ocrx_word' id='word_1_233' title='bbox 171 2195 712 2265; x_wconf 68' lang='lat' dir='ltr'><strong>fluiscumlegtlusillereoenset.utt‘ortefix-</strong></span> <span class='ocrx_word' id='word_1_234' title='bbox 749 2203 875 2259; x_wconf 91' lang='lat' dir='ltr'><strong>prorupta</strong></span> <span class='ocrx_word' id='word_1_235' title='bbox 888 2197 1010 2258; x_wconf 84' lang='lat' dir='ltr'><strong>Pachyno</strong></span> <span class='ocrx_word' id='word_1_236' title='bbox 1022 2199 1136 2261; x_wconf 85' lang='lat' dir='ltr'><strong>AEquoru</strong></span> <span class='ocrx_word' id='word_1_237' title='bbox 1144 2197 1161 2246; x_wconf 84' lang='lat'><strong>:&#39;</strong></span> <span class='ocrx_word' id='word_1_238' title='bbox 1172 2198 1218 2247; x_wconf 87' lang='lat' dir='ltr'><strong>ubi</strong></span> <span class='ocrx_word' id='word_1_239' title='bbox 1229 2196 1284 2261; x_wconf 88' lang='lat' dir='ltr'><strong>pari</strong></span> 
     </span>
     <span class='ocr_line' id='line_1_26' title="bbox 178 2269 1283 2338; baseline -0.005 -12"><span class='ocrx_word' id='word_1_240' title='bbox 178 2274 573 2338; x_wconf 75' lang='lat' dir='ltr'><strong>ittnmlegibuositscribendum.</strong></span> <span class='ocrx_word' id='word_1_241' title='bbox 583 2274 616 2322; x_wconf 89' lang='lat' dir='ltr'><strong>D.</strong></span> <span class='ocrx_word' id='word_1_242' title='bbox 626 2272 712 2320; x_wconf 86' lang='lat' dir='ltr'><strong>Heius.</strong></span> <span class='ocrx_word' id='word_1_243' title='bbox 750 2270 826 2319; x_wconf 87' lang='lat' dir='ltr'><strong>modo</strong></span> <span class='ocrx_word' id='word_1_244' title='bbox 855 2271 1024 2333; x_wconf 83' lang='lat' dir='ltr'><strong>peccabatur.</strong></span> <span class='ocrx_word' id='word_1_245' title='bbox 1065 2269 1146 2333; x_wconf 87' lang='lat' dir='ltr'><strong>Apud</strong></span> <span class='ocrx_word' id='word_1_246' title='bbox 1173 2273 1283 2323; x_wconf 84' lang='lat' dir='ltr'><strong>eundem</strong></span> 
     </span>
     <span class='ocr_line' id='line_1_27' title="bbox 127 2346 1284 2412; baseline -0.005 -10"><span class='ocrx_word' id='word_1_247' title='bbox 127 2388 132 2395; x_wconf 63' lang='grc'><strong><em>«</em></strong></span> <span class='ocrx_word' id='word_1_248' title='bbox 190 2346 261 2402; x_wconf 76' lang='grc' dir='ltr'><strong>Ι467</strong></span> <span class='ocrx_word' id='word_1_249' title='bbox 279 2354 399 2401; x_wconf 81' lang='lat' dir='ltr'><strong>Incertum</strong></span> <span class='ocrx_word' id='word_1_250' title='bbox 407 2349 510 2411; x_wconf 85' lang='lat' dir='ltr'><strong>Mortis]</strong></span> <span class='ocrx_word' id='word_1_251' title='bbox 528 2350 633 2399; x_wconf 89' lang='lat' dir='ltr'><strong>Incerta</strong></span> <span class='ocrx_word' id='word_1_252' title='bbox 642 2349 713 2397; x_wconf 86' lang='lat' dir='ltr'><strong>Mur·</strong></span> <span class='ocrx_word' id='word_1_253' title='bbox 750 2347 881 2396; x_wconf 86' lang='lat' dir='ltr'><strong>Valerium</strong></span> <span class='ocrx_word' id='word_1_254' title='bbox 893 2348 1031 2396; x_wconf 85' lang='lat' dir='ltr'><strong>Flaccum:</strong></span> <span class='ocrx_word' id='word_1_255' title='bbox 1054 2349 1191 2412; x_wconf 87' lang='lat' dir='ltr'><strong>‘prorupti</strong></span> <span class='ocrx_word' id='word_1_256' title='bbox 1200 2349 1284 2398; x_wconf 89' lang='lat' dir='ltr'><strong>tonuit</strong></span> 
     </span>
     <span class='ocr_line' id='line_1_28' title="bbox 180 2422 1284 2490; baseline -0.006 -11"><span class='ocrx_word' id='word_1_257' title='bbox 180 2427 211 2479; x_wconf 81' lang='lat' dir='ltr'><strong>tii</strong></span> <span class='ocrx_word' id='word_1_258' title='bbox 233 2428 322 2477; x_wconf 83' lang='lat' dir='ltr'><strong>sideris</strong></span> <span class='ocrx_word' id='word_1_259' title='bbox 344 2429 494 2490; x_wconf 84' lang='lat' dir='ltr'><strong>temperies,</strong></span> <span class='ocrx_word' id='word_1_260' title='bbox 513 2426 587 2477; x_wconf 84' lang='lat' dir='ltr'><strong>Joris</strong></span> <span class='ocrx_word' id='word_1_261' title='bbox 605 2424 713 2474; x_wconf 83' lang='lat' dir='ltr'><strong>stabilis.</strong></span> <span class='ocrx_word' id='word_1_262' title='bbox 751 2439 809 2474; x_wconf 88' lang='lat' dir='ltr'><strong>eum</strong></span> <span class='ocrx_word' id='word_1_263' title='bbox 828 2422 898 2472; x_wconf 85' lang='lat' dir='ltr'><strong>sorte</strong></span> <span class='ocrx_word' id='word_1_264' title='bbox 914 2422 1010 2471; x_wconf 82' lang='lat' dir='ltr'><strong>Vesevi</strong></span> <span class='ocrx_word' id='word_1_265' title='bbox 1028 2422 1166 2486; x_wconf 78' lang='lat' dir='ltr'><strong>Hesperiae</strong></span> <span class='ocrx_word' id='word_1_266' title='bbox 1182 2423 1284 2474; x_wconf 77' lang='lat' dir='ltr'><strong>lethum</strong></span> 
     </span>
     <span class='ocr_line' id='line_1_29' title="bbox 180 2489 1284 2565; baseline -0.003 -14"><span class='ocrx_word' id='word_1_267' title='bbox 180 2497 252 2551; x_wconf 85' lang='lat' dir='ltr'><strong>Hinc</strong></span> <span class='ocrx_word' id='word_1_268' title='bbox 264 2516 363 2550; x_wconf 88' lang='lat' dir='ltr'><strong>errores</strong></span> <span class='ocrx_word' id='word_1_269' title='bbox 382 2501 409 2547; x_wconf 89' lang='lat' dir='ltr'><strong>in</strong></span> <span class='ocrx_word' id='word_1_270' title='bbox 426 2501 480 2548; x_wconf 85' lang='lat' dir='ltr'><strong>vita</strong></span> <span class='ocrx_word' id='word_1_271' title='bbox 497 2499 607 2547; x_wconf 86' lang='lat' dir='ltr'><strong>humana</strong></span> <span class='ocrx_word' id='word_1_272' title='bbox 619 2489 713 2546; x_wconf 74' lang='lat' dir='ltr'><strong>Martii</strong></span> <span class='ocrx_word' id='word_1_273' title='bbox 751 2502 836 2563; x_wconf 69' lang='lat' dir='ltr'><strong>apex!</strong></span> <span class='ocrx_word' id='word_1_274' title='bbox 845 2499 1136 2562; x_wconf 61' lang='lat' dir='ltr'><strong>Apudstauunuuheb.</strong></span> <span class='ocrx_word' id='word_1_275' title='bbox 1146 2513 1178 2549; x_wconf 93' lang='lat'><strong>11.</strong></span> <span class='ocrx_word' id='word_1_276' title='bbox 1190 2503 1284 2565; x_wconf 83' lang='lat' dir='ltr'><strong>‘atque</strong></span> 
     </span>
     <span class='ocr_line' id='line_1_30' title="bbox 181 2574 1285 2640; baseline -0.002 -14"><span class='ocrx_word' id='word_1_277' title='bbox 181 2574 259 2626; x_wconf 79' lang='lat' dir='ltr'><strong>sideri</strong></span> <span class='ocrx_word' id='word_1_278' title='bbox 270 2575 375 2624; x_wconf 84' lang='lat' dir='ltr'><strong>subditi.</strong></span> <span class='ocrx_word' id='word_1_279' title='bbox 393 2574 482 2623; x_wconf 84' lang='lat' dir='ltr'><strong>Burtls.</strong></span> <span class='ocrx_word' id='word_1_280' title='bbox 751 2575 860 2625; x_wconf 85' lang='lat' dir='ltr'><strong>illivoce</strong></span> <span class='ocrx_word' id='word_1_281' title='bbox 872 2576 973 2638; x_wconf 86' lang='lat' dir='ltr'><strong>repleta</strong></span> <span class='ocrx_word' id='word_1_282' title='bbox 984 2576 1216 2638; x_wconf 86' lang='lat' dir='ltr'><strong>Interceptauatat</strong></span> <span class='ocrx_word' id='word_1_283' title='bbox 1229 2591 1285 2640; x_wconf 89' lang='lat' dir='ltr'><strong>pre·</strong></span> 
     </span>
     <span class='ocr_line' id='line_1_31' title="bbox 191 2647 1285 2715; baseline -0.001 -15"><span class='ocrx_word' id='word_1_284' title='bbox 191 2648 193 2652; x_wconf 49' lang='lat'><em>⁴</em></span> <span class='ocrx_word' id='word_1_285' title='bbox 213 2655 261 2700; x_wconf 90' lang='grc'><strong>441</strong></span> <span class='ocrx_word' id='word_1_286' title='bbox 274 2651 343 2698; x_wconf 84' lang='lat' dir='ltr'><strong>ltlr&#39;su</strong></span> <span class='ocrx_word' id='word_1_287' title='bbox 352 2655 378 2697; x_wconf 87' lang='lat' dir='ltr'><strong>ut</strong></span> <span class='ocrx_word' id='word_1_288' title='bbox 389 2647 500 2709; x_wconf 74' lang='lat' dir='ltr'><strong>l’luoelous]</strong></span> <span class='ocrx_word' id='word_1_289' title='bbox 516 2648 644 2697; x_wconf 88' lang='lat' dir='ltr'><strong>Undecim</strong></span> <span class='ocrx_word' id='word_1_290' title='bbox 655 2663 714 2696; x_wconf 90' lang='lat' dir='ltr'><strong>cum</strong></span> <span class='ocrx_word' id='word_1_291' title='bbox 752 2660 830 2715; x_wconf 89' lang='lat' dir='ltr'><strong>rupto</strong></span> <span class='ocrx_word' id='word_1_292' title='bbox 847 2652 874 2699; x_wconf 90' lang='lat' dir='ltr'><strong>in</strong></span> <span class='ocrx_word' id='word_1_293' title='bbox 894 2651 1019 2714; x_wconf 83' lang='lat' dir='ltr'><strong>sanguiue</strong></span> <span class='ocrx_word' id='word_1_294' title='bbox 1030 2652 1138 2713; x_wconf 67' lang='lat' dir='ltr'><strong>lingua?</strong></span> <span class='ocrx_word' id='word_1_295' title='bbox 1157 2651 1285 2715; x_wconf 86' lang='lat' dir='ltr'><strong>quomodo</strong></span> 
     </span>
     <span class='ocr_line' id='line_1_32' title="bbox 180 2722 1237 2790; baseline 0.002 -15"><span class='ocrx_word' id='word_1_296' title='bbox 180 2722 258 2790; x_wconf 83' lang='lat' dir='ltr'><strong>prim.</strong></span> <span class='ocrx_word' id='word_1_297' title='bbox 269 2725 416 2773; x_wconf 86' lang='lat' dir='ltr'><strong>Vaticano:</strong></span> <span class='ocrx_word' id='word_1_298' title='bbox 434 2725 505 2772; x_wconf 80' lang='lat' dir='ltr'><strong>lilius</strong></span> <span class='ocrx_word' id='word_1_299' title='bbox 523 2730 551 2772; x_wconf 86' lang='lat' dir='ltr'><strong>ut</strong></span> <span class='ocrx_word' id='word_1_300' title='bbox 570 2739 657 2786; x_wconf 77' lang='lat' dir='ltr'><strong>mugno</strong></span> <span class='ocrx_word' id='word_1_301' title='bbox 673 2723 715 2772; x_wconf 81' lang='lat' dir='ltr'><strong>Sol</strong></span> <span class='ocrx_word' id='word_1_302' title='bbox 753 2734 781 2776; x_wconf 88' lang='lat' dir='ltr'><strong>et</strong></span> <span class='ocrx_word' id='word_1_303' title='bbox 793 2728 847 2776; x_wconf 89' lang='lat' dir='ltr'><strong>illic</strong></span> <span class='ocrx_word' id='word_1_304' title='bbox 860 2729 965 2790; x_wconf 74' lang='lat' dir='ltr'><strong>optimu.</strong></span> <span class='ocrx_word' id='word_1_305' title='bbox 975 2728 1140 2777; x_wconf 81' lang='lat' dir='ltr'><strong>membrauae.</strong></span> <span class='ocrx_word' id='word_1_306' title='bbox 1158 2730 1237 2778; x_wconf 84' lang='lat' dir='ltr'><strong>Idem.</strong></span> 
     </span>
     <span class='ocr_line' id='line_1_33' title="bbox 181 2800 1255 2869; baseline 0.005 -19"><span class='ocrx_word' id='word_1_307' title='bbox 181 2800 264 2867; x_wconf 77' lang='lat' dir='ltr'><strong>limine</strong></span> <span class='ocrx_word' id='word_1_308' title='bbox 274 2800 380 2848; x_wconf 80' lang='lat' dir='ltr'><strong>constitit</strong></span> <span class='ocrx_word' id='word_1_309' title='bbox 391 2800 465 2848; x_wconf 86' lang='lat' dir='ltr'><strong>antri.</strong></span> <span class='ocrx_word' id='word_1_310' title='bbox 483 2801 517 2848; x_wconf 93' lang='lat' dir='ltr'><strong>D.</strong></span> <span class='ocrx_word' id='word_1_311' title='bbox 530 2800 622 2851; x_wconf 86' lang='lat' dir='ltr'><strong>Heius.</strong></span> <span class='ocrx_word' id='word_1_312' title='bbox 784 2809 832 2854; x_wconf 78' lang='grc'><strong>466</strong></span> <span class='ocrx_word' id='word_1_313' title='bbox 850 2806 926 2854; x_wconf 83' lang='lat' dir='ltr'><strong>Roseo</strong></span> <span class='ocrx_word' id='word_1_314' title='bbox 937 2807 1018 2869; x_wconf 81' lang='lat' dir='ltr'><strong>cornu]</strong></span> <span class='ocrx_word' id='word_1_315' title='bbox 1035 2806 1145 2854; x_wconf 79' lang='lat' dir='ltr'><strong>Blando.</strong></span> <span class='ocrx_word' id='word_1_316' title='bbox 1162 2805 1255 2856; x_wconf 77' lang='lat' dir='ltr'><strong>Burtlt.</strong></span> 
     </span>
    </p>

    <p class='ocr_par' dir='ltr' id='par_1_7' title="bbox 180 2872 1289 3478">
     <span class='ocr_line' id='line_1_34' title="bbox 215 2872 1286 2943; baseline 0.003 -16"><span class='ocrx_word' id='word_1_317' title='bbox 215 2882 264 2927; x_wconf 70' lang='grc'><strong>444</strong></span> <span class='ocrx_word' id='word_1_318' title='bbox 283 2872 392 2925; x_wconf 61' lang='lat' dir='ltr'><strong>Occurrit</strong></span> <span class='ocrx_word' id='word_1_319' title='bbox 407 2876 601 2938; x_wconf 84' lang='lat' dir='ltr'><strong>Nuturupotens]</strong></span> <span class='ocrx_word' id='word_1_320' title='bbox 626 2876 716 2926; x_wconf 80' lang='lat' dir='ltr'><strong>Arous·</strong></span> <span class='ocrx_word' id='word_1_321' title='bbox 785 2885 832 2930; x_wconf 83' lang='grc'><strong>466</strong></span> <span class='ocrx_word' id='word_1_322' title='bbox 850 2879 972 2943; x_wconf 81' lang='lat' dir='ltr'><strong>Scorpius]</strong></span> <span class='ocrx_word' id='word_1_323' title='bbox 990 2881 1061 2929; x_wconf 87' lang='lat' dir='ltr'><strong>Libri</strong></span> <span class='ocrx_word' id='word_1_324' title='bbox 1073 2881 1148 2929; x_wconf 90' lang='lat' dir='ltr'><strong>multi</strong></span> <span class='ocrx_word' id='word_1_325' title='bbox 1164 2883 1286 2930; x_wconf 87' lang='lat' dir='ltr'><strong>mendose</strong></span> 
     </span>
     <span class='ocr_line' id='line_1_35' title="bbox 180 2952 1288 3021; baseline 0.004 -17"><span class='ocrx_word' id='word_1_326' title='bbox 180 2954 217 3004; x_wconf 80' lang='lat' dir='ltr'><strong>rit</strong></span> <span class='ocrx_word' id='word_1_327' title='bbox 239 2954 357 3002; x_wconf 86' lang='lat' dir='ltr'><strong>meliores</strong></span> <span class='ocrx_word' id='word_1_328' title='bbox 380 2952 478 3014; x_wconf 88' lang='lat' dir='ltr'><strong>scripti.</strong></span> <span class='ocrx_word' id='word_1_329' title='bbox 523 2953 615 3002; x_wconf 85' lang='lat' dir='ltr'><strong>Purona</strong></span> <span class='ocrx_word' id='word_1_330' title='bbox 636 2953 716 3002; x_wconf 87' lang='lat' dir='ltr'><strong>etiam</strong></span> <span class='ocrx_word' id='word_1_331' title='bbox 752 2958 856 3019; x_wconf 82' lang='lat' dir='ltr'><strong>scorpion</strong></span> <span class='ocrx_word' id='word_1_332' title='bbox 875 2973 920 3020; x_wconf 94' lang='lat' dir='ltr'><strong>pro</strong></span> <span class='ocrx_word' id='word_1_333' title='bbox 939 2960 1055 3021; x_wconf 72' lang='lat' dir='ltr'><strong>tompus,-</strong></span> <span class='ocrx_word' id='word_1_334' title='bbox 1078 2966 1107 3006; x_wconf 91' lang='lat' dir='ltr'><strong>ut</strong></span> <span class='ocrx_word' id='word_1_335' title='bbox 1122 2966 1288 3020; x_wconf 77' lang='lat' dir='ltr'><strong>saepeverer·</strong></span> 
     </span>
     <span class='ocr_line' id='line_1_36' title="bbox 182 3027 1288 3096; baseline -0.005 -17"><span class='ocrx_word' id='word_1_336' title='bbox 182 3030 254 3095; x_wconf 83' lang='lat' dir='ltr'><strong>prior</strong></span> <span class='ocrx_word' id='word_1_337' title='bbox 264 3028 371 3087; x_wconf 87' lang='lat' dir='ltr'><strong>Mureti,</strong></span> <span class='ocrx_word' id='word_1_338' title='bbox 382 3027 450 3090; x_wconf 89' lang='lat' dir='ltr'><strong>quod</strong></span> <span class='ocrx_word' id='word_1_339' title='bbox 463 3033 617 3089; x_wconf 85' lang='lat' dir='ltr'><strong>perpetuum</strong></span> <span class='ocrx_word' id='word_1_340' title='bbox 634 3027 716 3076; x_wconf 81' lang='lat' dir='ltr'><strong>Nutu·</strong></span> <span class='ocrx_word' id='word_1_341' title='bbox 754 3033 810 3082; x_wconf 71' lang='lat' dir='ltr'><strong>rimi</strong></span> <span class='ocrx_word' id='word_1_342' title='bbox 829 3033 932 3082; x_wconf 76' lang='lat' dir='ltr'><strong>codices</strong></span> <span class='ocrx_word' id='word_1_343' title='bbox 951 3042 1070 3096; x_wconf 71' lang='lat' dir='ltr'><strong>peccant,</strong></span> <span class='ocrx_word' id='word_1_344' title='bbox 1105 3034 1159 3082; x_wconf 77' lang='lat' dir='ltr'><strong>Pro</strong></span> <span class='ocrx_word' id='word_1_345' title='bbox 1175 3036 1288 3095; x_wconf 63' lang='lat' dir='ltr'><strong>gramina</strong></span> 
     </span>
     <span class='ocr_line' id='line_1_37' title="bbox 184 3102 1288 3172; baseline 0.004 -18"><span class='ocrx_word' id='word_1_346' title='bbox 184 3121 222 3155; x_wconf 82' lang='lat' dir='ltr'><strong>rae</strong></span> <span class='ocrx_word' id='word_1_347' title='bbox 235 3103 303 3168; x_wconf 85' lang='lat' dir='ltr'><strong>apud</strong></span> <span class='ocrx_word' id='word_1_348' title='bbox 314 3103 406 3167; x_wconf 69' lang='lat' dir='ltr'><strong>poetas</strong></span> <span class='ocrx_word' id='word_1_349' title='bbox 417 3102 560 3164; x_wconf 85' lang='lat' dir='ltr'><strong>epitheton.</strong></span> <span class='ocrx_word' id='word_1_350' title='bbox 593 3102 630 3151; x_wconf 83' lang='lat' dir='ltr'><strong>At</strong></span> <span class='ocrx_word' id='word_1_351' title='bbox 642 3103 717 3166; x_wconf 87' lang='lat' dir='ltr'><strong>prim.</strong></span> <span class='ocrx_word' id='word_1_352' title='bbox 749 3107 837 3157; x_wconf 81' lang='lat' dir='ltr'><strong>&#39;Aldus</strong></span> <span class='ocrx_word' id='word_1_353' title='bbox 848 3116 876 3158; x_wconf 85' lang='lat' dir='ltr'><strong>et</strong></span> <span class='ocrx_word' id='word_1_354' title='bbox 887 3124 944 3158; x_wconf 89' lang='lat' dir='ltr'><strong>cum</strong></span> <span class='ocrx_word' id='word_1_355' title='bbox 957 3110 1039 3172; x_wconf 90' lang='lat' dir='ltr'><strong>primu</strong></span> <span class='ocrx_word' id='word_1_356' title='bbox 1048 3109 1177 3158; x_wconf 84' lang='lat' dir='ltr'><strong>Vaticano</strong></span> <span class='ocrx_word' id='word_1_357' title='bbox 1185 3109 1288 3172; x_wconf 85' lang='lat' dir='ltr'><strong>plurimi</strong></span> 
     </span>
     <span class='ocr_line' id='line_1_38' title="bbox 184 3177 1288 3249; baseline -0.002 -12"><span class='ocrx_word' id='word_1_358' title='bbox 184 3180 300 3249; x_wconf 67' lang='lat' dir='ltr'><strong>Valle-³</strong></span> <span class='ocrx_word' id='word_1_359' title='bbox 315 3192 391 3226; x_wconf 70' lang='lat' dir='ltr'><strong>manu</strong></span> <span class='ocrx_word' id='word_1_360' title='bbox 409 3178 492 3237; x_wconf 65' lang='lat' dir='ltr'><strong>plima</strong></span> <span class='ocrx_word' id='word_1_361' title='bbox 510 3177 576 3237; x_wconf 66' lang='lat' dir='ltr'><strong>dms</strong></span> <span class='ocrx_word' id='word_1_362' title='bbox 587 3191 635 3240; x_wconf 66' lang='lat'><strong>12¹⁰</strong></span> <span class='ocrx_word' id='word_1_363' title='bbox 646 3179 718 3235; x_wconf 84' lang='lat' dir='ltr'><strong>duci,·</strong></span> <span class='ocrx_word' id='word_1_364' title='bbox 754 3185 847 3248; x_wconf 76' lang='lat' dir='ltr'><strong>‘scripti</strong></span> <span class='ocrx_word' id='word_1_365' title='bbox 872 3186 993 3247; x_wconf 79' lang='lat' dir='ltr'><strong>genuina:</strong></span> <span class='ocrx_word' id='word_1_366' title='bbox 1018 3200 1093 3234; x_wconf 87' lang='lat' dir='ltr'><strong>vere:</strong></span> <span class='ocrx_word' id='word_1_367' title='bbox 1123 3200 1168 3247; x_wconf 91' lang='lat' dir='ltr'><strong>pro</strong></span> <span class='ocrx_word' id='word_1_368' title='bbox 1194 3186 1288 3249; x_wconf 89' lang='lat' dir='ltr'><strong>pomis,</strong></span> 
     </span>
     <span class='ocr_line' id='line_1_39' title="bbox 184 3252 1288 3324; baseline 0.001 -15"><span class='ocrx_word' id='word_1_369' title='bbox 184 3261 215 3305; x_wconf 77' lang='lat' dir='ltr'><strong>tlt</strong></span> <span class='ocrx_word' id='word_1_370' title='bbox 235 3254 320 3302; x_wconf 68' lang='lat' dir='ltr'><strong>Solem</strong></span> <span class='ocrx_word' id='word_1_371' title='bbox 344 3254 452 3301; x_wconf 65' lang='lat' dir='ltr'><strong>Nttlssae</strong></span> <span class='ocrx_word' id='word_1_372' title='bbox 476 3252 568 3300; x_wconf 69' lang='lat' dir='ltr'><strong>ducem</strong></span> <span class='ocrx_word' id='word_1_373' title='bbox 592 3254 716 3317; x_wconf 66' lang='lat' dir='ltr'><strong>appellet·</strong></span> <span class='ocrx_word' id='word_1_374' title='bbox 755 3260 823 3324; x_wconf 88' lang='lat' dir='ltr'><strong>quod</strong></span> <span class='ocrx_word' id='word_1_375' title='bbox 836 3267 864 3309; x_wconf 87' lang='lat' dir='ltr'><strong>et</strong></span> <span class='ocrx_word' id='word_1_376' title='bbox 878 3261 987 3309; x_wconf 88' lang='lat' dir='ltr'><strong>Bartbio</strong></span> <span class='ocrx_word' id='word_1_377' title='bbox 999 3261 1067 3309; x_wconf 89' lang='lat' dir='ltr'><strong>curis</strong></span> <span class='ocrx_word' id='word_1_378' title='bbox 1087 3261 1207 3309; x_wconf 87' lang='lat' dir='ltr'><strong>secundis</strong></span> <span class='ocrx_word' id='word_1_379' title='bbox 1218 3262 1288 3310; x_wconf 87' lang='lat' dir='ltr'><strong>vide·</strong></span> 
     </span>
     <span class='ocr_line' id='line_1_40' title="bbox 186 3331 1288 3397; baseline 0 -12"><span class='ocrx_word' id='word_1_380' title='bbox 186 3331 260 3381; x_wconf 79' lang='lat' dir='ltr'><strong>Idem·</strong></span> <span class='ocrx_word' id='word_1_381' title='bbox 755 3336 841 3385; x_wconf 86' lang='lat' dir='ltr'><strong>batur.</strong></span> <span class='ocrx_word' id='word_1_382' title='bbox 876 3335 992 3385; x_wconf 80' lang='lat' dir='ltr'><strong>Alcimus</strong></span> <span class='ocrx_word' id='word_1_383' title='bbox 1004 3335 1155 3397; x_wconf 83' lang='lat' dir='ltr'><strong>Avitus‚lib.</strong></span> <span class='ocrx_word' id='word_1_384' title='bbox 1167 3335 1288 3385; x_wconf 87' lang='lat' dir='ltr'><strong>rrr.‘sed</strong></span> 
     </span>
     <span class='ocr_line' id='line_1_41' title="bbox 201 3405 1289 3478; baseline 0.002 -21"><span class='ocrx_word' id='word_1_385' title='bbox 201 3412 266 3469; x_wconf 40' lang='grc'><strong>,446</strong></span> <span class='ocrx_word' id='word_1_386' title='bbox 276 3407 327 3456; x_wconf 86' lang='lat' dir='ltr'><strong>Hie</strong></span> <span class='ocrx_word' id='word_1_387' title='bbox 336 3405 455 3468; x_wconf 79' lang='lat' dir='ltr'><strong>dubitant]</strong></span> <span class='ocrx_word' id='word_1_388' title='bbox 466 3407 561 3455; x_wconf 89' lang='lat' dir='ltr'><strong>Putem</strong></span> <span class='ocrx_word' id='word_1_389' title='bbox 574 3408 623 3456; x_wconf 84' lang='lat' dir='ltr'><strong>His</strong></span> <span class='ocrx_word' id='word_1_390' title='bbox 633 3408 718 3471; x_wconf 85' lang='lat' dir='ltr'><strong>legeu-</strong></span> <span class='ocrx_word' id='word_1_391' title='bbox 756 3419 891 3478; x_wconf 88' lang='lat' dir='ltr'><strong>postquam</strong></span> <span class='ocrx_word' id='word_1_392' title='bbox 912 3412 1011 3460; x_wconf 83' lang='lat' dir='ltr'><strong>foedere</strong></span> <span class='ocrx_word' id='word_1_393' title='bbox 1039 3419 1116 3473; x_wconf 90' lang='lat' dir='ltr'><strong>rupto</strong></span> <span class='ocrx_word' id='word_1_394' title='bbox 1142 3411 1289 3461; x_wconf 75' lang='lat' dir='ltr'><strong>interdicta</strong></span> 
     </span>
    </p>
   </div>
   <div class='ocr_carea' id='block_1_3' title="bbox 79 3481 1288 3551">
    <p class='ocr_par' dir='ltr' id='par_1_8' title="bbox 79 3481 1288 3551">
     <span class='ocr_line' id='line_1_42' title="bbox 79 3481 1288 3551; baseline 0.002 -17"><span class='ocrx_word' id='word_1_395' title='bbox 79 3532 85 3551; x_wconf 45' lang='grc' dir='ltr'><strong><em>Ι</em></strong></span> <span class='ocrx_word' id='word_1_396' title='bbox 185 3483 256 3544; x_wconf 84' lang='lat' dir='ltr'><strong>dum,</strong></span> <span class='ocrx_word' id='word_1_397' title='bbox 268 3491 296 3532; x_wconf 89' lang='lat' dir='ltr'><strong>ut</strong></span> <span class='ocrx_word' id='word_1_398' title='bbox 306 3484 338 3532; x_wconf 88' lang='lat' dir='ltr'><strong>ad</strong></span> <span class='ocrx_word' id='word_1_399' title='bbox 349 3481 378 3531; x_wconf 77' lang='lat' dir='ltr'><strong>rb</strong></span> <span class='ocrx_word' id='word_1_400' title='bbox 389 3481 589 3531; x_wconf 82' lang='lat' dir='ltr'><strong>looirreferatur.</strong></span> <span class='ocrx_word' id='word_1_401' title='bbox 608 3484 685 3533; x_wconf 86' lang='lat' dir='ltr'><strong>ldem.</strong></span> <span class='ocrx_word' id='word_1_402' title='bbox 755 3497 814 3538; x_wconf 89' lang='lat' dir='ltr'><strong>tuus</strong></span> <span class='ocrx_word' id='word_1_403' title='bbox 825 3488 978 3551; x_wconf 83' lang='lat' dir='ltr'><strong>perstrinxit</strong></span> <span class='ocrx_word' id='word_1_404' title='bbox 993 3488 1109 3550; x_wconf 78' lang='lat' dir='ltr'><strong>germine</strong></span> <span class='ocrx_word' id='word_1_405' title='bbox 1127 3487 1234 3549; x_wconf 68' lang='lat' dir='ltr'><strong>gustus!</strong></span> <span class='ocrx_word' id='word_1_406' title='bbox 1252 3488 1288 3536; x_wconf 87' lang='lat' dir='ltr'><strong>D.</strong></span> 
     </span>
    </p>
   </div>
   <div class='ocr_carea' id='block_1_4' title="bbox 185 3557 1293 4238">
    <p class='ocr_par' dir='ltr' id='par_1_9' title="bbox 185 3557 1293 4238">
     <span class='ocr_line' id='line_1_43' title="bbox 195 3557 841 3623; baseline 0.011 -14"><span class='ocrx_word' id='word_1_407' title='bbox 195 3618 198 3623; x_wconf 40' lang='grc'><strong>,</strong></span> <span class='ocrx_word' id='word_1_408' title='bbox 219 3565 268 3609; x_wconf 89' lang='grc'><strong>449</strong></span> <span class='ocrx_word' id='word_1_409' title='bbox 286 3560 386 3607; x_wconf 78' lang='lat' dir='ltr'><strong>Eximio</strong></span> <span class='ocrx_word' id='word_1_410' title='bbox 398 3557 504 3620; x_wconf 83' lang='lat' dir='ltr'><strong>regione]</strong></span> <span class='ocrx_word' id='word_1_411' title='bbox 530 3559 631 3608; x_wconf 87' lang='lat' dir='ltr'><strong>Scribe:</strong></span> <span class='ocrx_word' id='word_1_412' title='bbox 656 3560 718 3608; x_wconf 79' lang='lat' dir='ltr'><strong>Eui-</strong></span> <span class='ocrx_word' id='word_1_413' title='bbox 756 3565 841 3615; x_wconf 75' lang='lat' dir='ltr'><strong>rrum.</strong></span> 
     </span>
     <span class='ocr_line' id='line_1_44' title="bbox 185 3634 1290 3709; baseline 0.005 -25"><span class='ocrx_word' id='word_1_414' title='bbox 185 3634 235 3684; x_wconf 82' lang='lat' dir='ltr'><strong>snio</strong></span> <span class='ocrx_word' id='word_1_415' title='bbox 255 3636 350 3695; x_wconf 78' lang='lat' dir='ltr'><strong>regione</strong></span> <span class='ocrx_word' id='word_1_416' title='bbox 374 3637 463 3695; x_wconf 84' lang='lat' dir='ltr'><strong>domur,</strong></span> <span class='ocrx_word' id='word_1_417' title='bbox 487 3636 622 3698; x_wconf 80' lang='lat' dir='ltr'><strong>contingere</strong></span> <span class='ocrx_word' id='word_1_418' title='bbox 647 3637 719 3685; x_wconf 79' lang='lat' dir='ltr'><strong>terrie</strong></span> <span class='ocrx_word' id='word_1_419' title='bbox 787 3645 836 3691; x_wconf 85' lang='grc'><strong>466</strong></span> <span class='ocrx_word' id='word_1_420' title='bbox 858 3642 961 3690; x_wconf 80' lang='lat' dir='ltr'><strong>Allutrtt</strong></span> <span class='ocrx_word' id='word_1_421' title='bbox 982 3640 1086 3709; x_wconf 71' lang='lat' dir='ltr'><strong>Seruius]</strong></span> <span class='ocrx_word' id='word_1_422' title='bbox 1110 3640 1189 3690; x_wconf 87' lang='lat' dir='ltr'><strong>Canis</strong></span> <span class='ocrx_word' id='word_1_423' title='bbox 1210 3647 1290 3693; x_wconf 79' lang='lat' dir='ltr'><strong>aestus</strong></span> 
     </span>
     <span class='ocr_line' id='line_1_45' title="bbox 186 3709 1291 3783; baseline 0.009 -24"><span class='ocrx_word' id='word_1_424' title='bbox 186 3709 718 3775; x_wconf 74' lang='lat' dir='ltr'><strong>Dtffirilis‚etubut‚rutiligreuuureutunni.</strong></span> <span class='ocrx_word' id='word_1_425' title='bbox 755 3717 862 3767; x_wconf 87' lang='lat' dir='ltr'><strong>latratui</strong></span> <span class='ocrx_word' id='word_1_426' title='bbox 883 3718 975 3767; x_wconf 89' lang='lat' dir='ltr'><strong>canino</strong></span> <span class='ocrx_word' id='word_1_427' title='bbox 996 3727 1122 3782; x_wconf 78' lang='lat' dir='ltr'><strong>aequatur.</strong></span> <span class='ocrx_word' id='word_1_428' title='bbox 1157 3721 1291 3783; x_wconf 83' lang='lat' dir='ltr'><strong>Latratus,</strong></span> 
     </span>
     <span class='ocr_line' id='line_1_46' title="bbox 186 3782 1198 3849; baseline 0.011 -16"><span class='ocrx_word' id='word_1_429' title='bbox 186 3782 327 3849; x_wconf 87' lang='lat' dir='ltr'><strong>Sequentia</strong></span> <span class='ocrx_word' id='word_1_430' title='bbox 339 3787 489 3846; x_wconf 76' lang='lat' dir='ltr'><strong>temperiem</strong></span> <span class='ocrx_word' id='word_1_431' title='bbox 501 3786 560 3834; x_wconf 84' lang='lat' dir='ltr'><strong>anui</strong></span> <span class='ocrx_word' id='word_1_432' title='bbox 571 3785 654 3836; x_wconf 83' lang='lat' dir='ltr'><strong>felicis</strong></span> <span class='ocrx_word' id='word_1_433' title='bbox 665 3803 719 3837; x_wconf 89' lang='lat' dir='ltr'><strong>mo·</strong></span> <span class='ocrx_word' id='word_1_434' title='bbox 756 3795 837 3843; x_wconf 89' lang='lat' dir='ltr'><strong>omnis</strong></span> <span class='ocrx_word' id='word_1_435' title='bbox 849 3794 996 3843; x_wconf 87' lang='lat' dir='ltr'><strong>inconditus</strong></span> <span class='ocrx_word' id='word_1_436' title='bbox 1008 3811 1092 3844; x_wconf 88' lang='lat' dir='ltr'><strong>sonus.</strong></span> <span class='ocrx_word' id='word_1_437' title='bbox 1109 3796 1198 3845; x_wconf 82' lang='lat' dir='ltr'><strong>Burilu.</strong></span> 
     </span>
     <span class='ocr_line' id='line_1_47' title="bbox 187 3852 1293 3935; baseline 0.013 -27"><span class='ocrx_word' id='word_1_438' title='bbox 187 3852 304 3910; x_wconf 79' lang='lat' dir='ltr'><strong>derutum</strong></span> <span class='ocrx_word' id='word_1_439' title='bbox 316 3863 434 3910; x_wconf 87' lang='lat' dir='ltr'><strong>innuunt.</strong></span> <span class='ocrx_word' id='word_1_440' title='bbox 451 3861 540 3911; x_wconf 81' lang='lat' dir='ltr'><strong>Burtlt.</strong></span> <span class='ocrx_word' id='word_1_441' title='bbox 788 3874 836 3922; x_wconf 85' lang='grc'><strong>467</strong></span> <span class='ocrx_word' id='word_1_442' title='bbox 855 3871 950 3919; x_wconf 78' lang='lat' dir='ltr'><strong>croceis</strong></span> <span class='ocrx_word' id='word_1_443' title='bbox 960 3873 1077 3935; x_wconf 86' lang='lat' dir='ltr'><strong>rorantes]</strong></span> <span class='ocrx_word' id='word_1_444' title='bbox 1101 3873 1165 3921; x_wconf 89' lang='lat' dir='ltr'><strong>Cum</strong></span> <span class='ocrx_word' id='word_1_445' title='bbox 1178 3873 1244 3922; x_wconf 79' lang='lat' dir='ltr'><strong>Solis</strong></span> <span class='ocrx_word' id='word_1_446' title='bbox 1254 3871 1293 3922; x_wconf 86' lang='lat' dir='ltr'><strong>illi</strong></span> 
     </span>
     <span class='ocr_line' id='line_1_48' title="bbox 220 3938 1290 4010; baseline 0.007 -23"><span class='ocrx_word' id='word_1_447' title='bbox 220 3943 268 3987; x_wconf 80' lang='grc'><strong>450</strong></span> <span class='ocrx_word' id='word_1_448' title='bbox 285 3940 409 4003; x_wconf 69' lang='lat' dir='ltr'><strong>Difficilis,</strong></span> <span class='ocrx_word' id='word_1_449' title='bbox 425 3938 504 3988; x_wconf 81' lang='lat' dir='ltr'><strong>atobut</strong></span> <span class='ocrx_word' id='word_1_450' title='bbox 519 3941 616 4006; x_wconf 83' lang='lat' dir='ltr'><strong>Rutuli]</strong></span> <span class='ocrx_word' id='word_1_451' title='bbox 633 3943 719 3991; x_wconf 84' lang='lat' dir='ltr'><strong>Rutuli</strong></span> <span class='ocrx_word' id='word_1_452' title='bbox 755 3945 823 3993; x_wconf 89' lang='lat' dir='ltr'><strong>horti</strong></span> <span class='ocrx_word' id='word_1_453' title='bbox 835 3959 886 3992; x_wconf 89' lang='lat' dir='ltr'><strong>nou</strong></span> <span class='ocrx_word' id='word_1_454' title='bbox 897 3946 949 3993; x_wconf 85' lang='lat' dir='ltr'><strong>alio</strong></span> <span class='ocrx_word' id='word_1_455' title='bbox 969 3946 1069 4007; x_wconf 79' lang='lat' dir='ltr'><strong>dignius</strong></span> <span class='ocrx_word' id='word_1_456' title='bbox 1082 3960 1157 4010; x_wconf 88' lang='lat' dir='ltr'><strong>quam</strong></span> <span class='ocrx_word' id='word_1_457' title='bbox 1171 3947 1290 4009; x_wconf 86' lang='lat' dir='ltr'><strong>pulcher·</strong></span> 
     </span>
     <span class='ocr_line' id='line_1_49' title="bbox 186 4012 1291 4081; baseline 0.01 -21"><span class='ocrx_word' id='word_1_458' title='bbox 186 4012 282 4062; x_wconf 82' lang='lat' dir='ltr'><strong>stabunt</strong></span> <span class='ocrx_word' id='word_1_459' title='bbox 293 4020 345 4063; x_wconf 87' lang='lat' dir='ltr'><strong>tres</strong></span> <span class='ocrx_word' id='word_1_460' title='bbox 366 4016 472 4078; x_wconf 85' lang='lat' dir='ltr'><strong>scripti:</strong></span> <span class='ocrx_word' id='word_1_461' title='bbox 491 4018 589 4080; x_wconf 88' lang='lat' dir='ltr'><strong>optime</strong></span> <span class='ocrx_word' id='word_1_462' title='bbox 608 4019 647 4067; x_wconf 85' lang='lat' dir='ltr'><strong>cl.</strong></span> <span class='ocrx_word' id='word_1_463' title='bbox 669 4020 721 4068; x_wconf 84' lang='lat' dir='ltr'><strong>Ge·</strong></span> <span class='ocrx_word' id='word_1_464' title='bbox 757 4019 820 4067; x_wconf 89' lang='lat' dir='ltr'><strong>rimo</strong></span> <span class='ocrx_word' id='word_1_465' title='bbox 835 4019 892 4081; x_wconf 91' lang='lat' dir='ltr'><strong>ejus</strong></span> <span class='ocrx_word' id='word_1_466' title='bbox 902 4022 1032 4069; x_wconf 87' lang='lat' dir='ltr'><strong>elemento</strong></span> <span class='ocrx_word' id='word_1_467' title='bbox 1044 4021 1196 4070; x_wconf 87' lang='lat' dir='ltr'><strong>irroreutur.</strong></span> <span class='ocrx_word' id='word_1_468' title='bbox 1215 4022 1291 4072; x_wconf 84' lang='lat' dir='ltr'><strong>Idem.</strong></span> 
     </span>
     <span class='ocr_line' id='line_1_50' title="bbox 188 4089 1291 4160; baseline 0.007 -22"><span class='ocrx_word' id='word_1_469' title='bbox 188 4089 289 4138; x_wconf 79' lang='lat' dir='ltr'><strong>vettius</strong></span> <span class='ocrx_word' id='word_1_470' title='bbox 307 4089 433 4155; x_wconf 79' lang='lat' dir='ltr'><strong>Difficiles,</strong></span> <span class='ocrx_word' id='word_1_471' title='bbox 451 4092 546 4141; x_wconf 80' lang='lat' dir='ltr'><strong>stabunt</strong></span> <span class='ocrx_word' id='word_1_472' title='bbox 568 4093 670 4142; x_wconf 83' lang='lat' dir='ltr'><strong>Rutuli:</strong></span> <span class='ocrx_word' id='word_1_473' title='bbox 694 4095 720 4143; x_wconf 90' lang='lat' dir='ltr'><strong>iu</strong></span> <span class='ocrx_word' id='word_1_474' title='bbox 789 4095 990 4160; x_wconf 78' lang='lat' dir='ltr'><strong>Ignitusuortos]</strong></span> <span class='ocrx_word' id='word_1_475' title='bbox 1008 4096 1108 4146; x_wconf 79' lang='lat' dir='ltr'><strong>Finibus</strong></span> <span class='ocrx_word' id='word_1_476' title='bbox 1122 4097 1247 4160; x_wconf 85' lang='lat' dir='ltr'><strong>Isingriu.</strong></span> <span class='ocrx_word' id='word_1_477' title='bbox 1263 4104 1291 4146; x_wconf 83' lang='lat' dir='ltr'><strong>et</strong></span> 
     </span>
     <span class='ocr_line' id='line_1_51' title="bbox 189 4165 1290 4238; baseline 0.01 -25"><span class='ocrx_word' id='word_1_478' title='bbox 189 4177 240 4214; x_wconf 90' lang='lat' dir='ltr'><strong>uuo</strong></span> <span class='ocrx_word' id='word_1_479' title='bbox 262 4170 333 4215; x_wconf 87' lang='lat' dir='ltr'><strong>certe</strong></span> <span class='ocrx_word' id='word_1_480' title='bbox 352 4165 471 4219; x_wconf 83' lang='lat' dir='ltr'><strong>Ambros.</strong></span> <span class='ocrx_word' id='word_1_481' title='bbox 487 4168 604 4233; x_wconf 70' lang='lat' dir='ltr'><strong>Difficiles</strong></span> <span class='ocrx_word' id='word_1_482' title='bbox 626 4168 720 4238; x_wconf 75' lang='lat' dir='ltr'><strong>stabul:</strong></span> <span class='ocrx_word' id='word_1_483' title='bbox 756 4169 934 4236; x_wconf 86' lang='lat' dir='ltr'><strong>septendecim</strong></span> <span class='ocrx_word' id='word_1_484' title='bbox 955 4172 1053 4223; x_wconf 80' lang='lat' dir='ltr'><strong>nostri:</strong></span> <span class='ocrx_word' id='word_1_485' title='bbox 1081 4187 1146 4224; x_wconf 88' lang='lat' dir='ltr'><strong>unus</strong></span> <span class='ocrx_word' id='word_1_486' title='bbox 1168 4174 1290 4225; x_wconf 80' lang='lat' dir='ltr'><strong>crinibus:</strong></span> 
     </span>
    </p>
   </div>
   <div class='ocr_carea' id='block_1_5' title="bbox 0 0 1361 4696">
    <p class='ocr_par' dir='ltr' id='par_1_10' title="bbox 0 0 1361 4696">
     <span class='ocr_line' id='line_1_52' title="bbox 0 0 1361 4696; baseline 0 0"><span class='ocrx_word' id='word_1_487' title='bbox 0 0 1361 4696; x_wconf 95' lang='lat' dir='ltr'><strong> </strong></span> 
     </span>
    </p>
   </div>
  </div>
 </body>
</html>
