2662 4696
185 296 272 366 1⁶22
351 311 460 360 norro
483 311 686 361 aaaronun
709 312 752 363 1u
773 313 820 361 or.
855 312 996 364 auson.
1017 313 1122 364 xxrr.

184 468 236 507 aee
263 456 352 506 Marte
373 453 474 504 minor?
508 455 620 518 Illyricas
645 469 721 515 genas
758 453 1287 518 doramjasveaalesibitenuere,contra

187 531 439 582 Helmaestadiensis.
458 533 492 581 D.
505 531 590 580 Heirrs.
758 529 890 578 Senatum.
908 529 983 579 Idan.

168 598 202 661 ¹³.
221 611 268 658 137
285 613 352 656 Auro
371 609 513 657 circumlinit
535 606 632 670 hydros]
654 607 720 656 Isin·
790 609 838 655 149
855 607 914 654 Tum
931 606 1008 668 ditas]
1033 604 1128 655 Effusis
1147 606 1289 669 largitioni·

186 682 355 746 grinicodex‚
378 683 486 745 Gyrald.
498 683 592 746 aliique
604 681 720 730 nonnulli
758 680 816 731 bns.
849 683 913 730 Sero
925 682 1030 745 quidem
1039 681 1098 730 hoc.
1118 680 1196 732 taen.

187 761 352 821 &malignis
381 760 485 824 qtridam
503 760 649 820 circumluit,
674 760 720 806 cir·
791 758 934 821 Tanditas]
962 760 998 808 At
1019 759 1137 806 Nemesis
1155 758 1247 818 voluit,
1261 765 1289 808 at

188 835 305 898 carnflait,
327 837 479 884 circumvenit
487 850 497 890 ,·
514 834 559 882 sed
573 848 720 897 perperam.
758 833 922 884 Heliocrates
933 836 1123 899 quidam,creso
1137 835 1289 895 Stilichone,

131 968 136 979 ,
188 909 326 960 Adeantur
344 926 401 974 qaae
429 917 546 958 notamus
574 909 606 957 ad
626 909 720 957 Artem
758 909 1013 960 omaiamfacultates
1034 911 1289 975 qaosilleerexerat

188 982 351 1037 Amatoriam
364 987 484 1046 Nasonis,
493 988 509 1034 l.
522 1000 565 1036 ιιι.
575 991 632 1035 132.
645 988 720 1034 Idem.
759 996 791 1030 ex
802 985 923 1034 mandato
933 987 1056 1049 principis
1068 984 1225 1048 publicaret.
1250 985 1291 1033 Vi·

222 1067 270 1112 139
288 1058 416 1124 Nunquam
427 1066 511 1110 conata
523 1062 599 1124 capit]
625 1061 720 1111 Quam·
758 1055 941 1109 delosimum.
960 1061 1053 1109 Closer.

187 1136 254 1189 libet
272 1144 366 1187 conata
385 1152 465 1201 sape,
483 1152 613 1201 nrrnqnam
634 1145 720 1186 tamen
768 1182 770 1187 ,
792 1136 840 1180 15⁰
857 1133 1291 1198 QaasspreceritJNonsubreaiens

160 1237 162 1240 >
188 1213 304 1277 decepit.
342 1213 451 1262 Perstat
473 1214 500 1261 in
527 1214 720 1276 comparatione
759 1208 904 1270 egentibus,
916 1219 961 1258 aot
979 1211 1071 1258 merita
1082 1210 1172 1259 virtuti
1185 1210 1292 1272 praemia

190 1303 248 1339 cum
261 1304 329 1338 nexu
347 1289 423 1350 hanni,
445 1290 488 1353 qui
505 1290 599 1353 saepius
610 1296 721 1337 conatur
760 1297 808 1346 per
819 1286 953 1335 avaritiam
962 1287 1102 1349 denegana·
1121 1287 1209 1336 Barth.

189 1363 415 1429 priusquamquod
429 1361 599 1412 vultefficiat.
616 1364 705 1412 Barth.
793 1364 839 1410 151
860 1362 989 1424 Prodigus]
1017 1365 1058 1412 Ne
1085 1363 1181 1425 perdat
1199 1369 1292 1425 tutam,

222 1447 271 1491 140
295 1443 351 1490 Non
381 1447 485 1504 tempora
516 1455 609 1489 samam
635 1439 722 1502 agendi
760 1443 862 1497 partem
885 1439 1022 1501 prodigere
1038 1439 1163 1487 stadem.-
1188 1439 1239 1487 Cui
1256 1445 1292 1487 ta·

189 1517 344 1579 Frustratar]
360 1519 499 1566 Fraudator
514 1517 598 1565 codex
616 1517 722 1565 Patavi·
760 1516 880 1563 mennae
890 1516 947 1579 ipsa
957 1515 1176 1565 donatiodoaatio
1184 1522 1291 1578 nonest,

189 1607 248 1642 nus.
282 1593 361 1641 Forte
383 1593 502 1640 Faratar:
518 1593 556 1640 ita
579 1598 607 1640 et
633 1590 722 1639 ‘fures
760 1605 809 1639 nec
831 1607 878 1655 pro
890 1593 934 1640 tali
947 1593 1076 1655 accipitur
1101 1592 1134 1639 ab
1155 1591 1188 1640 iis
1200 1591 1292 1656 quibas

190 1666 315 1729 temporis
332 1666 434 1715 amicos'
460 1666 599 1715 dicebant:
619 1667 722 1729 vulgata
760 1675 853 1717 coacta
861 1667 1003 1717 confertur.
1024 1669 1100 1717 Idem.

191 1748 279 1792 tamea
300 1742 430 1804 scriptura
447 1743 592 1791 inconsulte
613 1758 664 1792 non
682 1751 723 1793 est
793 1747 840 1791 153
869 1745 1004 1806 Manrisque
1030 1741 1139 1804 adhibes]
1177 1741 1293 1792 Victoria

192 1817 363 1869 sollicitanda.
381 1819 416 1867 D.
427 1818 512 1867 Heins.
760 1826 845 1883 parta,
856 1826 902 1868 aut
914 1835 942 1868 re
956 1820 1021 1868 bene
1032 1826 1114 1882 gesta.

226 1892 339 1955 Tempora
355 1906 448 1940 mmnas
465 1892 551 1954 agendi
571 1893 723 1957 Frustratar]
794 1895 896 1944 Noniae
906 1909 1017 1957 quemque
1028 1892 1172 1956 Compedes]
1188 1892 1293 1951 Blandi·

191 1963 227 2016 Ob
238 1965 285 2030 ῃὴ
296 1963 425 2028 παννύχιον
434 1965 507 2015 εὕδειν
522 1967 672 2032 βουληφόρον
683 1968 722 2018 u·
759 1978 875 2021 meatum
898 1970 991 2021 efficax
1010 1970 1079 2034 apud
1100 1970 1207 2030 milites,
1225 1976 1253 2019 et
1263 1970 1292 2018 iis

192 2045 244 2107 ipa·
262 2043 354 2093 Barth·
761 2055 872 2111 gratum,
892 2046 1048 2110 Imperatori
1058 2045 1182 2095 decoram
1193 2061 1226 2095 ao
1243 2047 1293 2109 glo·

224 2123 271 2170 141
289 2120 363 2168 Nullo
388 2119 487 2168 cithara
508 2120 615 2170 amrium
640 2121 724 2184 canta]
760 2122 947 2185 riosam‚possc
960 2121 1292 2185 eosnominecampellare.

190 2193 428 2245 Alludereridetur
442 2196 562 2246 Edictum
574 2197 725 2263 Theodosii,
760 2199 850 2250 Barth.
1251 2244 1254 2251 .

191 2287 244 2338 qao
254 2272 364 2322 sublata
377 2278 438 2321 sant
449 2271 482 2321 de
501 2273 624 2323 conviviis
635 2288 723 2338 operae
791 2281 837 2325 155
846 2276 1294 2339 Admonitorfarti]SicGyraldiaas:

165 2395 167 2399 ,
192 2355 338 2399 cantorum.
355 2350 432 2399 idem.
761 2355 850 2403 cateri
867 2368 954 2402 omnes
975 2354 1130 2413 admonitam,
1154 2352 1203 2400 nisi
1225 2350 1291 2416 qaod

145 2427 157 2489 ’ἱ
182 2448 184 2452 ·
224 2428 273 2473 143
290 2426 347 2474 Non
364 2425 446 2488 pueri]
467 2427 554 2477 Pueris
575 2443 621 2477 sex
642 2428 723 2491 libri;
761 2429 832 2493 prior
845 2430 940 2479 Mureti
951 2429 1082 2479 admonita.
1102 2430 1133 2478 D.
1146 2429 1234 2483 Heius.

191 2500 262 2550 atad
271 2500 390 2577 convivia
402 2500 538 2550 referetur.
556 2503 590 2552 D.
603 2503 690 2553 Heins.
797 2507 904 2567 Figenda
921 2504 1038 2566 sensibus]
1063 2504 1107 2553 Ob
1117 2519 1242 2555 amorem
1259 2505 1292 2553 lo·

226 2578 273 2623 143
293 2576 353 2624 Tota
373 2580 449 2624 mente
467 2577 601 2639 remissurn]
617 2578 656 2626 Ut
672 2594 723 2628 non
762 2583 873 2644 quentis.
897 2582 985 2629 Barth.

191 2649 267 2698 simul
292 2649 396 2698 rideres
424 2652 585 2715 sentiresqne
610 2653 723 2712 gravita-
795 2658 945 2719 Figendaqne
977 2658 1082 2706 sensibus
1115 2657 1185 2705 addis
1211 2657 1293 2718 Verba,

159 2741 161 2745 ·
193 2730 245 2774 tem
261 2725 400 2775 Terrarum
418 2724 497 2775 Orbis
514 2727 724 2780 moderatricem.
760 2734 844 2796 quibas
863 2735 946 2795 magni
966 2735 1103 2795 geminatur
1122 2733 1208 2793 gratia
1229 2732 1294 2795 doni]

192 2801 281 2851 Bana.
763 2809 903 2857 Geminetar
924 2810 1020 2858 rectius
1041 2808 1149 2857 scribas.
1189 2808 1293 2858 Deinde

169 2900 173 2906 ·
226 2877 423 2940 libiadecores]
450 2879 543 2939 Lunai,
560 2879 668 2945 ejusque
686 2883 723 2930 ia·
761 2884 836 2946 prim.
856 2885 942 2932 Vatia.
963 2891 991 2933 et
1011 2884 1163 2932 Pricaeaaus
1183 2898 1198 2932 a
1218 2899 1294 2934 mana

192 2956 345 3006 stramentis
356 2957 500 3019 imputatne.
518 2958 593 3006 Idem.
762 2959 910 3020 primanodi
928 2975 981 3008 non
999 2960 1070 3016 denir
1086 2975 1145 3023 quae
1163 2961 1293 3023 scriptura

224 3038 273 3083 147
290 3033 419 3083 Absentam
438 3035 551 3082 condonat
569 3035 634 3097 apes]
663 3037 724 3085 Coa·
762 3041 789 3082 et
802 3034 827 3082 in
848 3035 929 3097 Regio
942 3037 1032 3085 codice
1044 3043 1132 3085 exstat
1145 3044 1172 3086 et
1185 3037 1294 3086 Oiselia·

192 3108 382 3170 decanatprima
401 3107 724 3173 editio,nnusMediceus,
761 3123 811 3159 no:
839 3111 917 3160 etiarn
941 3127 988 3175 pro
1009 3112 1113 3160 diversa
1135 3113 1250 3162 lectione
1268 3113 1294 3161 ia

163 3190 222 3232 oet
251 3183 321 3245 prior
343 3183 417 3232 Leid.
440 3183 543 3232 Placet.
574 3186 723 3235 Pricaeaaus
762 3185 839 3232 tertio
861 3186 997 3235 Vaticano.
1040 3187 1134 3235 Nodum
1158 3187 1225 3236 dixit
1247 3202 1292 3251 pro

193 3260 337 3307 conprendat
356 3258 398 3319 vel
415 3261 558 3310 condemnat.
591 3262 645 3310 Pro
661 3277 725 3325 spre-
761 3260 862 3308 vinculo
884 3268 911 3310 et
932 3278 1020 3311 nexae
1051 3262 1151 3311 ‘animi
1179 3263 1293 3318 vinclum

192 3333 254 3382 ecrit
278 3333 353 3395 paulo
381 3340 441 3395 post
466 3341 586 3397 spreverat
613 3339 724 3389 Lacens.
760 3351 894 3401 nexusque
916 3337 1015 3387 fideles’
1041 3338 1162 3387 Licentia
1187 3337 1222 3386 ad
1246 3337 1294 3388 Aa·

192 3408 281 3459 Vatia.
294 3415 322 3457 et
333 3409 519 3461 allinonnalli:
537 3418 565 3461 et
576 3415 653 3476 paulo
664 3423 724 3465 ante
761 3412 899 3473 guatinum.
922 3413 1059 3463 Jethaldas
1075 3413 1219 3463 Monachus
1237 3415 1296 3463 Clu·

190 3487 293 3546 gesserit
316 3500 364 3548 pro
391 3492 497 3547 gesserat
531 3488 656 3539 meliores.
689 3492 725 3541 D.
762 3487 905 3537 niacensis:
923 3490 996 3539 ‘Qui
1014 3489 1062 3537 tibi
1082 3488 1211 3552 praecipui
1223 3490 1294 3547 nodis

194 3560 283 3610 Heins.
757 3562 888 3626 jungebar
898 3565 1009 3614 amoris!
1020 3566 1105 3613 Nodas
1117 3565 1216 3614 Veneris
1226 3566 1293 3631 apud

226 3637 318 3684 Parcus
334 3636 465 3704 Diligeris]
491 3641 552 3690 Non
568 3641 601 3690 ob
624 3657 724 3707 aarum,
762 3639 904 3703 Nasonem,
924 3641 993 3704 quod
1016 3641 1118 3689 Maroni
1134 3642 1233 3708 Veneris
1245 3645 1295 3692 ain·

192 3712 239 3762 sed
249 3711 378 3763 virtatem.
397 3716 488 3765 Multis
500 3724 586 3766 autem
597 3718 724 3782 Principi·
761 3719 845 3766 calam.
888 3721 972 3767 Nodos
989 3720 1102 3767 amicitiae
1125 3720 1247 3771 Ciceroni
1262 3721 1294 3770 de

192 3787 241 3839 bus
252 3788 406 3838 Romanisio
416 3791 522 3839 militem
531 3793 589 3841 talis
598 3794 725 3856 parcimo-
762 3792 902 3843 Amicitia:
927 3795 1037 3858 ‘Atque
1057 3796 1134 3844 etiam
1157 3795 1224 3864 mihi
1235 3796 1295 3863 uui·

192 3863 237 3912 nia
248 3864 358 3913 exitiosa
369 3864 427 3915 fait.
444 3867 533 3916 Barth.
761 3868 820 3917 dem
842 3870 971 3933 videntur,
997 3871 1040 3935 qui
1069 3872 1192 3920 utilitatis
1216 3886 1295 3922 causa
1322 3886 1329 3895 ·

226 3943 274 3988 148
292 3941 421 4002 Neglectae
440 3943 466 3991 in
484 3960 540 4008 pace
557 3945 672 4006 cobortes]
692 3947 724 3996 ld
761 3942 863 4006 fingant
874 3947 1010 4008 amicitias,
1026 3948 1235 3997 amabilissimum
1250 3961 1295 4004 aa·

193 4015 308 4077 perdidit
327 4018 442 4068 Probum
468 4022 594 4083 optimum
626 4023 724 4070 Princi·
762 4022 821 4070 dan
834 4025 954 4074 amicitiae
966 4025 1075 4074 tollere?
1094 4025 1129 4075 D.
1141 4026 1232 4089 Heins.

193 4101 269 4152 pem:
286 4103 337 4139 nec
359 4106 417 4141 eam
438 4095 554 4157 perdidit
571 4095 661 4159 solam,
679 4096 723 4146 sed
794 4102 842 4146 156
862 4098 950 4162 Verba]
966 4101 1057 4152 Pauca
1065 4115 1095 4151 ea
1103 4101 1156 4151 siat
1166 4101 1291 4168 Principi.

193 4162 226 4213 ab
245 4177 276 4214 eo
286 4177 353 4215 caeso
368 4167 463 4248 milites
473 4169 624 4235 Principum
634 4185 725 4223 creaa-
759 4170 848 4224 Barth.
