2662 4696
264 344 268 351 -
363 315 412 365 nn
436 316 561 366 narro
586 314 831 367 ruosnnrrua
856 316 928 367 nro.
953 317 977 365 1.
1135 300 1221 367 1623

573 642 768 709 XXXIII.

235 902 313 978 DE
341 901 521 978 RAPrU
551 901 910 978 PROSERPINAE
936 900 1044 975 LIB.
1073 901 1109 975 Ι.

147 1150 278 1212 llaferni
287 1151 391 1214 raptoris
401 1150 481 1214 equos]
500 1151 583 1200 Recte
594 1149 649 1200 siro
689 1148 812 1198 tiaturum
839 1147 1055 1211 promontorium,
1083 1159 1134 1211 quo
1161 1145 1220 1196 loco

115 1226 267 1276 aclarer'io
284 1226 339 1274 sire
358 1227 464 1290 cujacio
482 1225 649 1275 observatum
688 1223 839 1274 descensum
851 1223 882 1273 ud
894 1223 990 1274 inferos
1001 1223 1102 1288 fiugsmt
1114 1221 1217 1273 Poeta.

115 1309 154 1351 est
166 1301 270 1366 insigne
289 1301 429 1351 artificium
440 1302 531 1350 hurum
545 1301 650 1352 Claudi«
669 1326 671 1330 ·
688 1306 716 1350 et
736 1301 829 1349 Maro:
852 1299 1001 1349 ‘Taenarias
1021 1299 1102 1349 ctiam
1122 1296 1222 1361 fauces,

115 1378 156 1426 aui
166 1377 323 1436 carminum,
336 1383 436 1426 tantum
447 1391 512 1440 opus
523 1376 649 1426 concinna
689 1375 743 1424 alta
751 1374 818 1424 ostiu
828 1373 914 1424 Ditis?

115 1453 249 1516 grauitate
276 1452 444 1514 ordientium,
466 1467 525 1516 quoe
547 1451 650 1515 grundi-
723 1448 1141 1514 Guligmtcs]Tenebrarumenlm
1153 1448 1221 1512 Reg-

115 1534 171 1578 tute
184 1528 384 1590 atassurgcndo
397 1528 423 1576 in
443 1541 562 1576 numeros
579 1527 650 1592 Rap·
688 1541 749 1578 num
771 1526 840 1590 apud
855 1524 963 1576 inferos.
996 1525 1091 1586 Culigo,
1113 1523 1221 1574 obteue·

115 1603 267 1654 torisralut
287 1604 441 1666 prodeuntis
461 1603 650 1653 vehementiam
689 1604 773 1655 brutio
793 1603 872 1666 uisus,
893 1609 940 1652 aut
959 1601 1093 1651 densiores
1110 1599 1221 1650 nchnlae.

114 1685 232 1729 nontam
250 1677 367 1727 indicant
386 1679 477 1738 solum,
493 1684 605 1741 quamct
617 1677 650 1727 si·
690 1681 786 1729 Marito
798 1695 861 1744 ergo
878 1692 959 1743 penes
975 1692 1034 1726 eum
1049 1676 1164 1727 tenebrae
1177 1676 1221 1741 qui

114 1757 167 1805 mul
178 1755 339 1819 exprimunt,
350 1768 409 1803 cum
424 1754 537 1803 stridore
547 1760 575 1803 et
592 1754 650 1802 hor·
690 1758 730 1806 es't
741 1756 823 1806 omnis
834 1756 899 1805 lucis
911 1760 1070 1804 consumtor.

114 1839 170 1880 rore
190 1830 304 1894 quodam
323 1830 478 1888 litterarum,
498 1835 601 1878 torvum
622 1835 651 1878 ct
723 1829 865 1892 Profunda]
882 1829 985 1880 Inferae.
1018 1830 1147 1890 Lucanus,
1165 1829 1183 1878 l.
1201 1841 1221 1878 1.

114 1913 212 1955 tetrum
232 1905 306 1954 illum
318 1903 517 1967 effigurantinm.
551 1903 650 1964 Inferna
689 1909 697 1937 ‘
711 1907 834 1972 Ditisque
846 1905 968 1971 profundi
978 1905 1081 1954 Pallida
1088 1918 1168 1969 regna
1176 1917 1221 1968 pa·

114 1980 240 2032 dicuntur
250 1980 454 2045 locaspeeiatim
466 1980 509 2028 illu
519 1979 651 2029 destinata
689 1982 765 2033 tunt!
782 1984 871 2031 Barth.

113 2058 199 2121 poenis
210 2056 399 2107 damnatorum.
432 2055 554 2116 luserunt,
564 2054 649 2105 Orcus
721 2063 736 2107 s
754 2058 868 2120 Junom's]
884 2056 1059 2121 Proserpinae,
1079 2070 1138 2120 quae
1155 2054 1221 2106 infe·

114 2135 168 2183 sive
185 2131 260 2191 'Atos
272 2132 395 2197 pro-ipsis
407 2132 489 2196 poenis
499 2130 648 2181 inferorum.
689 2148 774 2183 rurum
793 2133 870 2183 Juno.
887 2134 973 2192 Silius,
988 2133 1006 2180 1.
1028 2145 1092 2183 ιιιιι.
1107 2131 1221 2196 ‘conjux

145 2207 276 2271 Raptoris]
307 2207 419 2270 Proprie
448 2206 480 2254 de
505 2206 648 2268 virginibus
687 2208 939 2261 Junonishvemae:
956 2209 1033 2257 Idam.
1129 2196 1135 2207 ⁵

113 2283 180 2346 rupi,
190 2289 223 2332 ut
240 2283 267 2330 iu
279 2282 350 2331 libris
361 2282 433 2333 Juris
446 2282 565 2342 Romani,
575 2282 649 2344 quip·
720 2284 835 2347 Juaouis]
852 2283 1011 2347 Proserpina
1021 2285 1086 2332 douo
1101 2283 1193 2333 Luciuu
1205 2299 1220 2333 a

114 2371 148 2422 pe
159 2372 220 2422 quse
232 2357 352 2406 resistere
364 2370 414 2405 non
427 2361 543 2419 possunt.
560 2356 648 2406 Barth.
689 2360 789 2408 Latinis
810 2358 890 2420 dictu,
901 2365 930 2406 ut
952 2372 985 2407 ex
1001 2357 1101 2419 duplici
1120 2357 1220 2407 ratione

145 2432 244 2492 Inferni
265 2432 376 2495 raptoris,
397 2434 451 2496 ipe]
466 2432 536 2481 Mira
555 2431 581 2479 iu
599 2431 648 2482 hoc
688 2435 773 2483 dlaces
789 2448 804 2482 a
820 2432 950 2493 Varrone,
969 2445 1007 2480 ιν.
1027 2431 1061 2480 de
1073 2431 1149 2495 Liug.
1161 2433 1219 2484 Lot.

112 2522 189 2557 versu
201 2508 327 2572 gravitas,
337 2515 365 2555 et
381 2524 439 2572 quae
458 2514 546 2557 tamen
567 2508 649 2557 instar
687 2506 1037 2574 stygmastatiurvzlheh.
1049 2506 1219 2572 ‘stygiaeque

113 2583 368 2647 orationiupaulutim
376 2584 548 2647 adsurgentis.
565 2585 647 2632 Exor·
687 2601 791 2636 severus
809 2584 919 2636 Junonis
937 2583 1081 2634 thalamos!
1114 2583 1157 2634 Ab
1176 2600 1220 2635 eo·

112 2660 182 2710 dium
194 2667 326 2710 mutuatus
338 2667 379 2710 est
389 2674 405 2709 a
415 2660 489 2723 suto,
505 2660 547 2724 quui
557 2659 594 2708 itu
605 2660 648 2708 ha·
687 2661 746 2711 dem
758 2662 846 2723 etiam,
864 2663 970 2719 AEtnaeu,
989 2660 1034 2710 lib.
1046 2675 1073 2711 v.
1094 2661 1164 2724 Sylva
1176 2677 1220 2713 111.

114 2737 159 2788 het
176 2737 338 2809 Punicorum
351 2751 403 2786 vm.
421 2739 497 2788 ‘Ceu
517 2737 646 2801 quiondam
685 2739 853 2789 ‘umbrarum
864 2754 948 2802 reges,
966 2739 1118 2804 AEtuaeaque
1129 2741 1220 2793 Juno!

114 2818 223 2862 aterum
258 2818 380 2876 regnator
407 2813 492 2863 noctis
520 2813 553 2861 ad
583 2812 646 2861 imos
687 2815 722 2863 Et
733 2815 855 2864 Auernae
873 2815 945 2876 Silio,
963 2815 1007 2864 lib.
1019 2828 1084 2866 1111.
1099 2808 1222 2882 ‘Cunjnx'

114 2887 199 2939 Quum
209 2885 315 2952 fugeret
334 2889 470 2951 thalamos,
487 2887 587 2938 AEtnaea
596 2888 646 2936 vir·
686 2891 795 2941 Juuouis
807 2889 936 2938 Avemael
960 2888 984 2938 A
996 2890 1104 2940 Marone
1115 2891 1219 2954 inferno,

113 2963 171 3027 gine
182 2971 271 3026 rupta,
280 2957 509 3028 Egit'nigrautem
519 2964 594 3028 picea
605 2977 646 3013 cu·
687 2979 727 3014 vr.
751 2964 850 3014 AEneid.
867 2964 981 3014 ‘lunoni
1003 2962 1110 3013 infernae
1129 2966 1217 3017 dictus

111 3039 323 3104 liginecurrum!
538 3036 542 3044 ’
688 3039 779 3089 sacer!
808 3040 889 3088 Forte
911 3039 979 3103 quod
1001 3037 1127 3089 ‘inferius
1141 3047 1218 3090 oetsae

142 3116 301 3181 Adflutuqae]
322 3114 393 3165 Alibi
406 3114 498 3165 Claud.
510 3113 647 3165 ‘Addatns
686 3115 891 3178 hemispherium
910 3128 957 3178 per
979 3113 1048 3162 illum
1067 3128 1083 3163 a
1100 3115 1218 3179 Physicis

113 3191 198 3241 ricino
209 3192 269 3240 Sole
290 3189 405 3254 refugit!
438 3191 517 3255 Apud
538 3194 645 3242 Petrou.
687 3190 999 3255 antiquissignificatum.'
1024 3191 1142 3242 Macrob.
1161 3193 1178 3242 1.
1198 3207 1218 3241 ι.

112 3268 121 3296 ‘
128 3267 245 3317 Ventosa
255 3267 398 3330 loquacitas
409 3267 505 3316 animos
521 3268 645 3330 juvenum
686 3267 824 3317 Saturno.
840 3271 881 3317 21.
914 3267 957 3317 Sin
978 3273 1006 3316 et
1022 3266 1154 3330 profundoso
1172 3269 1218 3316 Ju-

112 3340 249 3405 pastilenti
259 3341 344 3389 sidere
356 3338 481 3390 adflavit!
501 3341 595 3390 Closer.
683 3344 757 3407 pitu,
767 3359 815 3408 pro
827 3345 950 3394 Plutone.
967 3344 1102 3407 Dempsler.

142 3415 288 3480 Adstutuque
305 3416 389 3479 carru]
413 3419 559 3481 Temerata,
578 3424 645 3469 atto·
718 3419 813 3469 Audaci
823 3418 904 3481 contu]
919 3419 989 3470 Quia
1006 3418 1040 3467 de
1057 3417 1133 3467 rebus
1153 3417 1217 3466 diri-

61 3498 64 3516 '
112 3492 175 3555 nitu,
188 3493 319 3554 perculsu.
353 3493 482 3542 Namuvi
492 3494 590 3557 ignium
607 3509 646 3543 su·
686 3495 726 3544 nis
744 3509 794 3544 uon
806 3496 873 3544 citra
890 3493 1066 3542 temeritatem
1083 3491 1154 3557 loqui
1170 3493 1217 3542 hu·

113 3581 289 3631 pernotum,a
301 3568 433 3631 pestilenti
445 3576 473 3617 et
493 3571 646 3618 vehemente
686 3587 789 3622 monum
808 3587 836 3621 os
854 3577 985 3634 censetur,
1002 3578 1048 3621 aut
1059 3571 1218 3621 easomniuo

114 3643 233 3709 quolibet
247 3644 348 3706 spiritu,
358 3644 445 3707 adflari
456 3645 520 3693 talia
530 3645 646 3694 denotat.
686 3648 762 3698 homo
771 3651 931 3710 contingere.
948 3647 1038 3697 Barth.

112 3719 212 3769 Afflare
237 3717 398 3794 fulminibus·
414 3721 545 3783 proprium
572 3720 646 3784 iecit,
718 3723 812 3772 Audaci
821 3738 927 3786 promere
936 3724 1019 3787 cautu]
1037 3725 1141 3774 Prodere
1152 3724 1218 3772 lsin·

113 3793 273 3858 quodetiam
286 3809 344 3858 quae
363 3796 526 3858 proculsuut
545 3796 647 3855 leniet
687 3813 726 3862 gr.
738 3807 766 3847 et
782 3814 816 3847 ex
834 3802 931 3849 nostris
951 3808 1028 3862 uuto;
1044 3813 1120 3849 vere:
1147 3798 1215 3862 quod

113 3875 204 3918 tumen
218 3869 317 3918 valenti
329 3883 401 3932 sura,
420 3870 486 3934 ignis
502 3871 547 3920 ille
566 3873 646 3922 subiih
686 3881 714 3923 et
741 3875 876 3923 Cluverius
904 3872 1045 3939 expressit,
1068 3882 1096 3925 et
1123 3875 1218 3938 probat

112 3944 225 3994 lissimus
237 3945 360 4008 attingat.
686 3950 755 3999 euris
767 3949 888 3999 secundis
899 3950 1032 3999 Barthius.
1040 3951 1142 4000 Glossae
1151 3951 1218 4002 Mss.

146 4019 240 4082 Curru]
258 4021 317 4070 Quo
328 4025 419 4070 rectus
431 4021 511 4071 Pluto
531 4024 648 4087 erupisse
687 4023 847 4073 Bulthusaris
858 4023 964 4087 Mureti,
980 4025 1094 4089 ‘Prodo‚
1104 4024 1218 4088 dem'pio,

112 4093 205 4145 inferis
216 4094 381 4150 credebatur.
399 4098 489 4148 Barth.
686 4099 833 4160 manifesto,
851 4100 894 4149 vel
923 4099 1025 4151 credita
1043 4101 1150 4164 detego,
1174 4101 1217 4150 vel

145 4175 163 4219 2
182 4170 303 4235 larmir]
318 4169 416 4224 lufaro.
439 4173 649 4239 Taeuarusflpar·
687 4176 920 4226 secretainlucem
932 4176 1064 4242 produco!
1090 4176 1133 4229 Sic
1144 4182 1219 4228 rates
