2662 4696
445 321 647 372 nrrsroam.
901 354 907 363 .
1012 302 1108 373 tutu

93 469 260 520 immissurum
271 477 367 519 vatem.
391 469 464 520 Nihil
475 469 528 532 pla·
565 466 815 531 scriptucluverius:
826 467 936 518 Luceni.
946 471 1018 516 mata
1025 465 1106 517 mbis:

93 547 209 610 aliusque
221 547 270 596 hac
282 548 402 596 lectione.
419 547 507 595 Bmtlr.
566 547 700 607 Excerpta
718 545 781 595 Put.
799 551 870 595 cautu
895 543 994 592 mbiisac
1011 543 1100 603 imua-

93 638 129 672 ιω
145 638 198 670 cum
214 623 320 684 primum
329 623 445 670 sonarent
454 621 529 670 nami·
566 626 621 690 tarr
637 621 739 672 Buslid.
756 627 838 670 contris
848 621 994 683 abiqacame
1004 628 1096 669 sonoro.

93 701 135 762 loe,
154 701 265 762 Raraque
287 701 410 761 compleret
431 698 530 747 Threcia
568 697 691 760 ampliss.
701 695 842 746 Gerartius
853 711 886 745 ex
896 696 1058 758 conjectura,
1068 702 1098 744 nt

101 775 210 839 Hymen]
235 776 276 824 Sic
296 777 364 823 eninr
383 776 530 837 legendum,
567 776 629 824 mibi
640 775 744 840 quidem
757 775 869 836 videtur,
880 782 961 836 certa,
972 773 1099 823 matesubi

93 858 146 913 tia,
164 861 192 902 ut
208 855 294 916 vulgo.
319 851 398 916 Θρώιη
416 854 484 901 enim
502 859 531 902 et
566 866 628 916 sepe
643 866 748 909 eonoroe3
773 860 800 902 ct
819 853 856 901 sic
876 852 903 899 in
922 851 1098 914 Apophoretis

93 931 183 979 dieunt
192 929 289 978 Graeci.
309 931 415 978 Torreat.
567 928 709 976 Behutius:
726 927 801 976 aliter
812 927 881 976 curis
894 925 1024 990 prioribus
1033 926 1097 975 Bar-

93 1012 248 1060 roeaaca'arent
256 1013 343 1061 lucrina
352 1011 432 1073 indo]
444 1012 486 1060 Sic
497 1025 530 1059 ex
568 1003 643 1053 thiul-
662 1004 696 1053 D·
707 1003 794 1053 Heiut-

99 1087 164 1135 libro
183 1089 323 1149 Cluverius,
341 1088 409 1151 qriod
426 1095 530 1135 secutus
598 1086 615 1131 6
632 1082 700 1130 Mira
712 1081 817 1145 theatra]
839 1078 988 1139 Naturalia,
1005 1077 1101 1128 cousti-

92 1164 210 1226 iengius3
249 1165 383 1228 amplexus
428 1177 529 1227 quoqne
567 1166 630 1220 pata
641 1158 816 1220 silvacnacta
828 1156 945 1219 rupibus,
956 1155 982 1203 iu
993 1155 1098 1204 mudum

93 1254 133 1289 nes
150 1241 274 1289 Statianae
294 1256 352 1303 cap.
371 1246 411 1289 tn.
429 1240 530 1289 Grono·
566 1232 726 1297 formamque
737 1231 839 1281 theatri.
857 1231 944 1282 Barlb.

95 1317 182 1378 primm
208 1318 304 1365 numina
326 1319 395 1366 tcedce
420 1318 530 1368 Lucens.
600 1310 750 1358 ⁷Camle⁰
761 1308 884 1371 crytissllu]
909 1309 1006 1356 Eorum
1029 1306 1098 1356 enim

103 1392 223 1441 eteditio
236 1393 390 1454 Parmensis,
410 1402 437 1440 et
454 1393 528 1455 prim.
566 1384 724 1434 incunabula
743 1385 770 1432 in
791 1383 906 1446 praealtis
926 1381 1098 1444 perpetuique

93 1469 139 1517 nod
157 1484 246 1517 verum
258 1476 315 1516 est·
334 1469 409 1530 vulgo
425 1469 530 1531 primum
566 1460 619 1524 t'rig
602 1459 670 1508 cnris
689 1459 830 1520 montibus,
854 1458 937 1522 qualis
957 1458 1099 1506 caucasus.

102 1538 187 1593 talo:
212 1544 303 1620 scripti
324 1545 367 1592 aiii
388 1547 464 1610 primo
485 1559 527 1593 aa·
568 1539 643 1586 ldem·

93 1623 130 1671 vel
150 1623 252 1686 primam
275 1638 376 1671 munere.
404 1621 527 1669 Barthins
600 1612 744 1676 scraptae
760 1611 897 1677 hyperborei
912 1609 1098 1674 ponderafulca

98 1692 128 1747 ιδ
154 1699 238 1760 primm
262 1700 332 1747 taedoe
357 1711 433 1761 posse
455 1696 528 1757 ferri,
565 1689 621 1753 soli]
645 1689 744 1740 Aurum
761 1691 831 1754 quud
849 1690 981 1740 custodire
996 1689 1097 1753 tinguu-

96 1787 147 1822 non
170 1774 221 1820 nisi
248 1774 350 1822 unicam
378 1771 527 1835 Eurydicen
568 1775 610 1815 tur
620 1767 665 1814 rila
676 1765 763 1815 dnbrae
778 1765 840 1815 fidei
855 1765 1003 1816 animantia.
1019 1765 1097 1817 tuem.

93 1863 100 1898 ι
110 1849 230 1912 Orpheus
241 1851 358 1912 legatur:
370 1849 442 1912 atqui
453 1847 527 1897 socia-
598 1846 615 1890 9
626 1843 826 1892 FuratoeVeaeris
834 1841 916 1906 prato]
928 1842 1098 1904 Furutoprata

93 1927 163 1975 imina
179 1928 263 1988 prima
274 1929 342 1974 taeda
354 1927 458 1986 Orphea,
476 1923 529 1972 dic·
566 1920 659 1970 tertius
675 1920 760 1969 Vatic.
780 1921 890 1982 Purgato
905 1919 1096 1982 nottendorpu.

93 2018 120 2053 ro
137 2004 245 2066 primum
257 2002 401 2051 sociarent:
418 2002 455 2050 sic
472 2015 527 2063 pas·
566 1997 646 2045 Forte
659 1997 777 2046 Pastum.
795 1997 830 2046 D.
842 1997 934 2046 Heius.

93 2085 203 2142 quuutur
221 2077 306 2141 poiitae
326 2070 527 2139 praestantiores.
602 2077 698 2126 Veneris
722 2076 803 2140 muto]
831 2077 907 2129 Quod
938 2075 1103 2127 describitur·

93 2168 130 2204 us.
565 2152 740 2216 Epithalamio
760 2154 884 2203 Houorii:
902 2154 910 2181 ‘
929 2154 1003 2203 Intus
1021 2156 1097 2216 prata

93 2236 149 2280 ιιιιιι
165 2230 272 2294 Hymen]
287 2230 376 2279 Fausti
386 2229 476 2278 ominis
488 2243 528 2278 er·
564 2230 672 2290 micant,
683 2229 799 2278 manibus
819 2244 877 2294 quaa
896 2228 1002 2277 subdita
1019 2226 1097 2276 nuliis

104 2305 169 2356 felix
185 2308 287 2356 adesset
306 2307 450 2369 invocatus,
465 2307 528 2354 licet
566 2305 726 2368 Perpetuum
748 2305 854 2367 florent,
881 2305 1006 2368 Zephyro
1034 2316 1097 2353 cou-

93 2382 207 2433 ivcuerit
224 2382 362 2447 propitius,
379 2383 421 2430 vei
440 2382 527 2430 lavere
565 2380 758 2431 tentaculum!
776 2381 913 2430 Columbae
924 2381 949 2429 ei
968 2381 1037 2429 Dem
1056 2392 1097 2427 aa·

93 2494 101 2522 ,
117 2466 147 2509 ut
157 2461 216 2508 fatis
227 2458 382 2509 arcentibus.
398 2459 487 2508 Burtli.
565 2473 621 2507 cras
632 2471 684 2506 nou
694 2457 789 2517 attinet
799 2457 944 2518 ostendere,
954 2461 982 2506 et
991 2454 1096 2519 Mytile-

93 2546 137 2584 ιιι
153 2549 194 2584 auo
208 2535 270 2597 nuli]
287 2534 440 2582 Delectatus
459 2534 527 2582 enim
565 2534 657 2596 logiam
669 2535 731 2597 ipsas
743 2533 890 2582 ostendunt.
907 2531 997 2581 Bartls.

93 2610 308 2673 iteratOrplrens.
333 2610 529 2673 Mythulogiam,
599 2609 627 2660 ll
647 2612 781 2676 Fractaque
790 2611 901 2660 nobilium
917 2609 992 2658 ratris
1009 2608 1096 2658 tleclm

95 2687 192 2736 omines
203 2686 287 2736 serino
304 2688 375 2737 victu
396 2696 422 2737 et
439 2696 528 2736 contu·
563 2687 680 2750 sororum]
697 2688 824 2736 Metilium
831 2684 930 2734 Busiidz
941 2686 1020 2734 Forte
1031 2683 1096 2746 lap·

97 2763 263 2826 abstraxerit,
273 2763 353 2812 habes
363 2765 432 2826 apud
442 2763 528 2812 Hora·
564 2779 634 2827 enque
646 2764 766 2828 flebilium
776 2778 880 2812 sororum
887 2777 896 2820 ,·
912 2761 965 2822 vei,
981 2760 1097 2821 Faraqae

93 2836 182 2888 Potuit
193 2845 279 2888 tamen
290 2844 319 2887 et
330 2853 361 2888 ea
376 2853 441 2900 esse,
459 2839 527 2902 quod
564 2840 687 2890 nobilium:
717 2847 748 2888 nt
771 2837 840 2902 apud
857 2836 1008 2886 Martialem
1025 2834 1096 2883 libre

93 2915 185 2964 mribus
199 2914 313 2964 ferarum
331 2913 420 2963 futura
433 2915 527 2978 praedi·
565 2931 603 2965 rv.
618 2919 667 2980 Ep.
679 2921 719 2965 59.
736 2918 743 2944 ‘
757 2913 890 2962 Flentibus
902 2910 1044 2960 Heliadum
1053 2923 1095 2957 ra·

93 2991 192 3040 atituit.
209 2991 284 3040 Idem.
565 2993 612 3040 mis
622 2992 682 3039 dum
692 2991 782 3054 uipera
790 2988 878 3051 repit!
893 2985 1001 3048 Statius,
1011 2984 1095 3035 Theb.

93 3068 157 3130 lippo
164 3068 229 3116 antri
244 3065 464 3129 momentarius]
484 3066 496 3114 I
501 3081 527 3129 p·
565 3081 616 3117 xri.
631 3067 694 3116 ‘Sic
705 3065 896 3130 Hyperionium
907 3062 999 3126 tepido
1009 3061 1096 3111 Pura

93 3151 215 3194 meantes
225 3145 375 3208 sivepctras
384 3145 528 3192 adauxerat
565 3146 658 3194 tironta
669 3158 769 3193 sorores
781 3145 933 3193 Fumantem
943 3142 1031 3189 lavere
1042 3139 1095 3199 Pa·

93 3235 129 3283 us,
146 3227 175 3270 ut
189 3235 292 3270 scenam
311 3220 440 3284 quandam
458 3218 527 3268 face·
564 3220 607 3272 do.
623 3221 727 3270 vixdum
739 3221 783 3269 ille
801 3218 938 3284 sepulchro
957 3215 1096 3280 conditas,

93 3296 249 3360 imbremque
267 3302 423 3359 praestareut
439 3303 527 3346 canta·
564 3296 693 3348 etflentes
704 3287 1094 3348 stmtcirenmflummasiiver

93 3369 156 3436 iirg'o
168 3372 348 3420 umbramsive
361 3379 462 3420 antrum
474 3387 528 3420 um·
565 3374 622 3424 Vai.
644 3374 762 3435 Flaccus,
783 3373 850 3423 libro
867 3385 888 3422 r.
915 3371 1030 3432 ‘veteris
1052 3373 1095 3418 sat

93 3463 101 3497 ι
119 3463 213 3498 canere
233 3462 347 3508 exorsus,
365 3447 415 3496 sibi
433 3445 528 3497 fecisse
565 3451 668 3500 conscia
688 3452 774 3500 luctus
793 3451 864 3500 Silva
884 3447 962 3511 Padi,
989 3453 1017 3496 et
1036 3446 1094 3495 viso

93 3538 112 3574 n
140 3524 260 3586 Orplrens
288 3522 447 3586 perhibetur.
492 3525 527 3573 Et
564 3524 657 3577 flentes
668 3527 787 3590 geniture
798 3537 898 3573 sorores
907 3521 923 3572 ι’
934 3524 981 3584 sic,
997 3520 1095 3570 ‘Fleti-

94 3608 154 3665 pust
171 3601 198 3649 iu
215 3601 298 3648 medio
316 3614 420 3648 nernure
439 3613 526 3648 couse-
564 3601 605 3650 fer
616 3609 722 3650 truncus
733 3597 854 3662 Myrrhae’
870 3596 1094 3662 apndAusuuium

93 3677 122 3739 it,
138 3676 206 3740 quod
217 3677 273 3738 ipse
284 3674 397 3724 fecisset.
425 3675 527 3724 Souoras
564 3677 692 3740 Cupidine
703 3674 837 3738 crucifixo,
852 3674 970 3724 iucunou
979 3673 1043 3723 satia
1055 3671 1093 3720 iu·

94 3750 172 3811 dixit,
197 3751 266 3815 quod
288 3750 446 3814 paradoxum
469 3763 526 3800 cor·
563 3758 648 3815 tegra,
667 3751 713 3801 ubi
731 3757 818 3802 tamen
835 3750 945 3814 weymis
963 3746 1095 3799 lacentibus

93 3826 526 3890 udoiucufurt,obredditamvo
563 3828 659 3888 malim,
676 3823 1061 3891 quadrigentesimum.

93 3904 153 3954 itm·
595 3901 843 3965 Nobilissimorum]
859 3900 965 3965 Quippe
982 3898 1016 3948 de
1032 3909 1093 3961 pro

93 3978 353 4047 mmtmpesoaora]
369 3978 526 4030 Aliisonore:
563 3979 640 4043 genie
662 3978 736 4042 salis,
758 3980 803 4045 qni
821 3980 848 4028 iu
868 3977 979 4026 omnium
999 3974 1093 4026 oculis.

93 4057 185 4107 Mureti
196 4057 276 4105 iiber.
291 4055 470 4121 aquibusdam
482 4056 525 4107 ab·
562 4056 651 4106 Barca.

94 4133 120 4183 ia
130 4147 199 4197 sape
215 4147 303 4182 amora
324 4132 396 4180 biatu
418 4133 525 4182 relicto.
595 4134 627 4184 1⁴
645 4118 761 4182 Gemitu
776 4142 834 4183 cara
850 4129 936 4195 m]
950 4124 1093 4192 Quidquid,

93 4224 148 4262 mre
157 4208 295 4260 Prelaerat
304 4209 379 4259 dalm
392 4222 427 4259 ex
436 4221 526 4272 mauu·
563 4210 618 4277 ait,
624 4210 777 4279 praticae-y
792 4211 821 4264 iu
832 4209 911 4263 rubra
926 4208 991 4269 uoti
1005 4207 1093 4269 ntei-
