2662 4696
110 290 200 369 riht
444 297 638 354 reomaus
666 293 878 350 unrrrouuu

113 719 339 813 Eniriouus
364 739 480 804 saeculi
499 756 562 803 xv,
580 738 663 802 satis
681 740 803 800 exacte
830 741 864 798 et
888 734 1037 817 copiose,
1064 737 1104 796 ut
1127 732 1215 797 nobis

112 843 253 919 videtur,
261 843 337 926 jum
349 842 603 906 denarraverunt
616 840 809 923 Bipontini3
840 837 921 900 nihil
936 835 1057 899 saltem
1073 855 1096 898 a
1110 839 1216 898 nostra

112 946 344 1028 qualicumque
369 963 470 1026 opera
496 942 780 1026 suppeditandum
805 946 927 1002 manet.
975 921 1080 1015 Quod
1097 937 1141 1000 ad
1165 934 1216 999 Al-

113 1048 210 1110 dinas
237 1047 401 1110 editiones
430 1052 574 1127 spectat,
598 1044 719 1108 saeculi
739 1059 820 1106 xil.
843 1060 963 1123 nempe
981 1039 1105 1103 Venet.
1124 1039 1215 1102 1523.

113 1148 212 1224 duas,
228 1150 262 1210 ni
278 1148 432 1224 fallimur,
454 1152 723 1222 commemorant,
740 1145 861 1212 Venet.
883 1142 961 1207 evo.
976 1141 1079 1206 1523.
1092 1149 1130 1204 et
1145 1140 1222 1209 ibid..

113 1248 277 1313 eteodern
299 1266 384 1311 anno
407 1250 473 1311 tto.
498 1248 540 1310 de
565 1248 685 1330 quibus
702 1245 788 1325 ⁴audi
811 1243 893 1309 Ant.
909 1241 996 1327 Aug.
1014 1240 1216 1307 Renouard:

113 1347 303 1414 ‘Heinsius
326 1349 409 1412 dans
430 1349 464 1413 la
484 1348 624 1436 presace
648 1347 689 1411 de
710 1347 744 1411 la
768 1347 881 1411 sienne
907 1346 948 1411 de
970 1344 1071 1410 1665.
1088 1365 1134 1409 eu
1148 1344 1217 1413 dvo.

113 1451 167 1516 dit
186 1452 282 1517 s'etre
299 1455 387 1516 servi
403 1452 444 1515 de
460 1451 549 1515 deux
565 1452 708 1515 editions
724 1447 881 1531 Aldines2
900 1445 1029 1517 Aldina
1040 1447 1148 1535 prior,
1165 1445 1223 1513 Au

112 1554 195 1629 diua
209 1555 380 1644 posterior.
424 1553 471 1619 Ce
487 1553 590 1617 seroit
601 1551 694 1620 deux
710 1550 862 1619 editions
873 1568 953 1619 sous
963 1548 1230 1619 lamemadata

113 1653 183 1720 J’ai
207 1656 392 1740 cependant
416 1655 570 1724 examine
595 1654 616 1719 a
641 1654 776 1725 dessein
789 1653 963 1737 plusieurs,
985 1652 1220 1735 exemplares,

114 1777 192 1826 saus
208 1751 350 1840 pouvoir
365 1765 496 1823 trouver
510 1756 591 1823 entr’
603 1778 667 1826 eux
682 1777 810 1826 aucune
827 1753 1023 1823 differ-enee!

157 1857 267 1934 Varia
282 1852 460 1921 Claudiani
485 1858 642 1941 poemata
662 1858 796 1922 Runico
812 1877 913 1921 versu
928 1855 1067 1924 domur
1081 1854 1219 1938 Augure

114 1955 262 2023 Thomas
288 1958 481 2042 Randolph,
507 1961 604 2024 1652.
627 1959 712 2044 (vid.
740 1959 891 2025 Gibber's
916 1957 1029 2034 Liras,
1053 1958 1112 2021 lib.
1139 1976 1164 2020 1.
1191 1980 1221 2042 p.

114 2056 209 2141 219.)
224 2059 280 2123 cui
305 2059 418 2123 forsan
442 2060 587 2145 adjicere
613 2062 716 2125 liceat
738 2081 852 2125 versus
875 2059 1054 2123 Claudiani
1080 2060 1124 2123 de
1140 2061 1221 2124 Sene

114 2156 321 2227 Veronensi(
358 2162 466 2228 Breve
486 2163 563 2241 hoc,
585 2163 646 2228 sed
667 2164 858 2248 pulchrum,
875 2161 1014 2247 poema„
1035 2162 1088 2224 rel
1111 2163 1226 2245 potius,

114 2264 249 2349 longum
270 2263 486 2351 epigramma,
510 2269 614 2335 metro
636 2262 781 2350 Anglieo
805 2263 1048 2348 compositum,
1072 2267 1175 2329 extat
1193 2264 1226 2330 iu.

116 2365 286 2452 Operibus
301 2365 323 2430 J
326 2366 463 2430 ohannis
479 2365 680 2444 Beaumout,
698 2366 820 2448 equitis
844 2365 962 2440 aurati,
988 2381 1068 2446 quae
1086 2365 1221 2453 vulgata

116 2475 193 2534 sunt
221 2468 327 2538 Loud.
350 2469 428 2532 Svo.
455 2468 553 2533 1771.
598 2466 743 2536 Eosdem
771 2467 872 2535 etiam
898 2464 1227 2536 Claudiaui‘uersns-

114 2570 219 2656 po'eta
245 2570 491 2647 celeberrimus,
518 2568 732 2640 Abrahamus
763 2567 915 2652 Cowley,
940 2565 1083 2650 Augure
1111 2569 1220 2646 uertit,

114 2691 182 2739 non
197 2690 287 2747 vero,
302 2674 341 2735 ut
353 2670 452 2734 nobis
468 2670 611 2748 videtur,
626 2671 728 2735 nitide
744 2670 827 2735 satis
840 2677 903 2733 aut
917 2676 1002 2733 terse
1013 2675 1220 2752 compactos,

115 2771 178 2839 sed
199 2772 312 2858 potius
333 2771 607 2856 paraphrasticos
628 2771 801 2849 dilatatos,
824 2772 1116 2854 quemadmodum
1136 2772 1221 2842 dedit

115 2875 199 2945 odas
215 2872 338 2940 multas
354 2873 588 2940 Anacreontis.

67 3044 72 3056 s
159 2976 289 3040 Notant
304 2976 475 3060 Biponti‘ui
498 2973 700 3058 Panegyrim
715 2973 752 3038 iu
766 2976 907 3044 tertium*
917 2975 1136 3046 Consulatum
1153 2976 1221 3042 Ho-

61 3145 66 3155 ,
114 3078 200 3142 nerii
214 3097 290 3139 cum
305 3078 392 3143 notis
413 3077 552 3153 Vorstii,
577 3077 653 3142 Suo.
680 3074 777 3158 Iuips.
800 3079 905 3142 1675..
944 3077 1032 3142 Haec
1047 3078 1084 3141 iu
1099 3079 1221 3142 Biblio-

115 3177 214 3240 theca
230 3175 425 3251 Bodleiana‚
443 3181 484 3239 et
504 3179 605 3241 etiam
631 3179 818 3260 separatim.
829 3179 1130 3244 editiotllaudiani
1147 3180 1222 3264 Epa

111 3281 339 3366 grammatum.
349 3296 426 3345 cum
440 3278 529 3343 notis
546 3280 589 3342 ab
605 3279 724 3343 eudem
739 3279 894 3358 Vorstio,
910 3281 992 3344 ibid.

161 3377 296 3461 Raptus
326 3378 537 3462 Proserpinae
563 3383 714 3448 inversu
743 3381 879 3446 Runico
901 3381 1095 3464 Angiiea'no
1120 3383 1221 3448 editus

115 3479 192 3557 fuit,
213 3481 355 3544 sednon
379 3480 584 3560 felicissime,
605 3503 626 3547 a
649 3483 784 3548 Jacobo
807 3485 960 3566 HugheS,
978 3484 1012 3546 iu
1029 3485 1110 3549 8vo.
1130 3483 1222 3550 1714.

115 3582 274 3663 repetitus
298 3602 373 3645 cum
388 3585 474 3648 notis
495 3587 575 3650 inter
600 3587 750 3671 ejusdem
770 3586 883 3672 Opera
899 3608 931 3651 a.
955 3588 1053 3650 1723.
1081 3589 1223 3670 vulgata.

117 3680 213 3762 Idem
234 3685 284 3746 vir
297 3684 601 3774 interpretationem
616 3692 787 3759 metricam
803 3690 943 3760 duorum
958 3689 1126 3760 libroruin
1148 3709 1232 3757 cun·-

81 3860 84 3873 .
115 3789 169 3851 tta
186 3783 346 3848 Rufinum
367 3786 485 3854 edidit.
529 3789 635 3857 Extat
649 3792 685 3855 in
708 3791 881 3882 Operibus
897 3791 971 3876 ejus
994 3792 1145 3863 Londini
1156 3789 1225 3858 vul·

117 3887 202 3975 gatis
217 3887 293 3954 dvo.
308 3887 407 3954 1787.
1125 3879 1127 3884 ’

159 3988 341 4056 Versiones
357 3991 501 4077 potiticae
521 3973 728 4078 quorundam
744 3993 923 4060 Claudiani
936 3990 1228 4078 pohmatumsuut
