2662 4696
389 315 685 368 mmummum.
911 359 916 372 ,
987 304 1077 372 tun

93 458 157 508 Mox
177 457 284 519 refleruit
306 465 361 523 opt.
381 458 501 514 Ambros.
574 465 605 511 tt)
622 461 678 512 Hor
698 461 792 526 Meus]
825 462 932 513 Eanum
958 461 1072 529 liugnam

93 534 127 582 it.
159 535 196 582 D.
208 533 301 586 Heius.
542 551 589 600 pro
609 537 701 589 eodem
718 538 834 590 membro
850 539 960 590 duorum
982 553 1073 605 corpo,-

93 607 162 673 r’tiis]
195 609 353 662 Criminibus
374 626 432 678 quae
454 626 503 665 nee
542 612 686 666 rumdixit.
719 615 793 665 Idem.

93 685 142 736 siis.
175 684 265 737 naute

429 974 608 1045 LXXVI.

362 1152 417 1261 26.
454 1195 496 1260 Iu
521 1195 674 1262 Eundem.

93 1383 114 1430 st
125 1391 171 1427 nos
190 1390 248 1428 cum
259 1375 313 1426 viro
325 1374 404 1428 docto
417 1379 497 1426 velle·
536 1378 636 1432 Quibus
648 1378 785 1430 debilitate
796 1377 871 1443 hujus
883 1380 945 1430 astri
955 1376 1071 1431 excludit

93 1456 224 1520 iquamos
238 1453 301 1503 iilud
315 1453 497 1504 fataleeximi-
537 1455 673 1504 Curetium
684 1455 850 1506 Claudianus.
883 1456 958 1507 tum.
985 1496 989 1501 .

93 1543 176 1582 rorum
204 1532 349 1596 praeconiis,
366 1541 394 1583 et
411 1520 496 1583 rerum
542 1531 545 1536 “
580 1536 594 1579 5
621 1525 743 1593 Morbum]
783 1528 935 1581 Obscoenum
960 1530 1070 1596 prurigi-

93 1608 440 1669 m1doctrinaspurcitatibus
451 1609 497 1657 dn·
536 1619 606 1667 nem,
624 1620 683 1670 quar
701 1613 775 1655 tants
793 1606 935 1656 infectione
946 1606 1071 1657 contami·

93 1684 197 1733 rrninum
209 1684 397 1733 contaminasse
409 1685 498 1734 castis·
536 1677 610 1730 uarat
621 1696 702 1744 genus
713 1681 859 1746 humanum,
876 1689 904 1732 ut
920 1683 1014 1732 medici
1032 1683 1069 1734 vi·

93 1757 291 1824 inquirentem,
308 1771 391 1822 neque
409 1766 496 1821 poste·
536 1771 577 1805 ros
590 1771 681 1806 curare
691 1765 858 1820 cogerentur,
870 1773 902 1807 ue
915 1756 1068 1823 virilitatem

93 1834 230 1884 ,reduxisse
242 1833 338 1882 talibus
349 1834 493 1897 vulgarium
535 1832 612 1894 vulgo
624 1832 793 1896 projicerent.
825 1834 981 1884 sumentium
991 1841 1069 1896 uocat

93 1910 219 1959 uuaeniis.
251 1908 349 1957 Tamen
366 1924 416 1957 non
436 1909 495 1958 iden
536 1909 1068 1974 noster,exempioJuveuat.Sat.sr.‘lrunc

93 1994 154 2038 tera
176 1993 378 2049 contemnemus,
397 1993 424 2035 et
447 1987 495 2034 ista
536 1999 584 2047 ego
595 1984 657 2034 fatis
669 1986 786 2049 Imputo‚
803 1986 846 2050 qui
864 1988 937 2037 vultu
950 1986 1067 2038 morbum

111 2063 167 2112 aliis
184 2062 365 2124 adspiciemus,
376 2076 452 2129 qrrarn
464 2062 494 2110 iis'
534 2060 686 2128 incessuque
695 2060 813 2111 fatetur!
846 2064 921 2113 Idem.

93 2137 170 2202 [uibus
192 2137 369 2199 Satyricorum
395 2137 494 2200 scripta
566 2137 666 2187 6Lurm
682 2137 813 2199 Venusque]
837 2139 918 2187 Lunae
930 2139 1069 2200 naturalia,

93 2228 111 2261 rs
132 2213 219 2261 verbis
246 2214 311 2262 vitia
338 2212 494 2263 incessentia
533 2212 582 2261 boc
599 2218 649 2274 est,
669 2211 784 2276 libidinis
801 2220 889 2274 partes
910 2213 1066 2278 incorpore

118 2288 207 2336 Burtb.
533 2286 789 2335 htrmanoadscrtbtt.
823 2288 898 2353 idem.
964 2324 967 2329 -

93 2364 164 2426 etue]
196 2364 293 2412 Talium
306 2363 423 2414 notitiam
436 2378 493 2427 pro·
565 2367 580 2410 7
596 2362 701 2411 euricus
714 2362 830 2412 Saturnus
848 2365 913 2428 opes]
929 2367 1066 2417 Mendica-

93 2439 302 2488 iudevictitantc.
336 2441 410 2489 idem.
460 2440 462 2444 ’
534 2443 602 2486 tores
622 2435 709 2486 facere
726 2437 865 2502 Saturnum
885 2440 952 2490 intem
974 2448 1067 2491 auctor

93 2516 254 2566 tinclemeutiu
266 2515 368 2577 Mustio]
380 2516 491 2566 Militem
533 2515 602 2563 iuter
614 2513 700 2575 tristes
713 2521 823 2564 caeteros
839 2515 895 2579 ejus
907 2517 971 2578 astri
990 2515 1067 2567 effec-

93 2592 111 2641 εἰ
129 2592 213 2640 auimo
229 2591 395 2654 sanguineum
413 2592 492 2640 bomi·
533 2596 575 2639 tus
583 2594 715 2639 memorat.
749 2589 825 2637 Idem.

93 2666 317 2731 us‚t⁴uribuudum.
351 2667 424 2717 Ietem.
565 2669 580 2712 8
607 2663 723 2712 Lambere
745 2662 903 2728 cuusufucit]
928 2665 992 2714 Curu
1010 2664 1065 2725 suit

93 2743 279 2806 miscuerat]
312 2743 439 2792 Nascenti
454 2741 491 2791 'vi-
532 2740 624 2789 Putas.
632 2745 687 2802 opt.
698 2736 787 2787 Ambr.
796 2744 825 2788 et
836 2738 888 2789 duo
899 2740 951 2791 atti.
968 2738 1067 2793 Patuv·

97 2819 223 2869 Mercurii
239 2821 306 2868 enim
324 2820 393 2868 sidus
411 2819 493 2867 oru‘ui·
532 2814 669 2874 enususuit.
703 2814 739 2863 D.
752 2814 845 2864 Heius.

92 2894 121 2944 rii
144 2895 246 2958 orisque
263 2892 368 2943 dotibus
390 2907 493 2957 praeses.

414 3125 613 3238 uxxuu.

162 3391 215 3455 27.
254 3389 295 3452 Iu
310 3387 462 3453 Jacobum
480 3388 672 3476 Magistrum
695 3388 853 3476 Equitum

93 3580 170 3618 tutus
181 3569 488 3632 utiqueabhomineldo·
529 3579 582 3621 stat
595 3572 668 3635 prim.
680 3565 740 3620 vat.
758 3575 784 3619 et
798 3574 885 3630 iec'te3
902 3583 961 3619 narn
979 3567 1062 3627 sanctu

93 3647 196 3710 :riptum
217 3647 313 3696 ironice
326 3649 352 3696 iu
364 3649 487 3696 Christia·
529 3648 636 3696 Susuuuu
646 3656 702 3708 post
716 3647 843 3708 seqsritur.
877 3645 912 3694 D.
925 3646 1016 3696 fleus..
1035 3642 1044 3690 ’,

93 3737 140 3783 sm,
148 3722 233 3770 ridens
243 3732 388 3773 sanctorum
400 3725 425 3771 in
436 3723 488 3771 bel·
561 3726 577 3770 2
595 3723 654 3772 Duc
673 3719 766 3784 lucete]
800 3721 912 3770 Metitur
928 3734 1019 3770 nomeu
1031 3725 1061 3770 u't

93 3797 222 3861 sstttsqne
238 3798 424 3859 invocationes,
435 3805 489 3847 tum
531 3797 618 3859 debet,
631 3813 644 3842 o
658 3797 724 3844 enim
736 3807 869 3846 extentum
880 3798 922 3845 sit.
940 3795 1062 3844 Moscho·

93 3886 128 3933 ω,
149 3872 259 3922 bominis
276 3875 349 3922 simut
368 3874 491 3923 bibacitn·
531 3875 616 3938 puiue,
627 3869 737 3929 Ἰάκωβος
754 3874 917 3923 scribendum
929 3870 1062 3935 proponit.

93 3948 232 3999 oeticarum
252 3965 337 3999 rerum
350 3951 488 4000 inscitiam.
529 3949 621 3998 Burtb.

562 4028 577 4072 3
591 4023 632 4072 Sic
650 4027 691 4071 tua
706 4039 748 4085 pro
765 4024 843 4084 clypeo
854 4020 977 4085 defendat]
1011 4021 1061 4070 Per

93 4099 232 4148 unitissimo
244 4102 325 4164 Petri]
344 4103 391 4151 Per
411 4103 489 4151 suncti
529 4102 635 4162 clypeum
646 4099 764 4148 Ambros.
788 4097 958 4158 l'rotiejeudut
969 4095 1061 4161 scripti

93 4175 194 4223 rtiores:
214 4191 260 4238 pro
277 4179 382 4242 vulgato
400 4186 487 4228 tamen
529 4190 618 4224 omnes
632 4179 757 4238 sustentet,
782 4179 880 4238 praeter
896 4174 973 4239 prim.
988 4173 1064 4223 Vati·

93 4253 110 4304 i.
119 4258 144 4303 et
158 4255 215 4303 Vur.
229 4257 295 4306 Cius.
471 4256 556 4306 Claud.
589 4293 590 4296 η
938 4258 953 4303 ⁶
971 4253 995 4303 R
