2662 4696
112 294 199 363 lodi
286 311 394 360 noun
416 311 616 360 vsnronuu
643 313 682 360 ru
707 314 764 361 co.
786 311 1041 384 casuovxxn

110 461 157 505 vet
167 459 273 504 extento
286 453 438 503 Proculeius
451 467 508 502 asro
520 455 606 503 Notus
616 453 643 502 in
713 453 824 516 Fotisqua
849 454 911 518 ὼφά
930 453 984 513 jun
1009 454 1084 516 digno
1105 453 1213 516 Muris]

111 531 205 580 frstres
223 530 301 579 animi
323 529 443 592 patcmi!
481 531 643 593 ‘Porrigere
681 530 751 579 Fotis
769 529 950 593 profertum:
968 531 1004 579 sic
1022 530 1161 593 legendum
1181 542 1216 582 e!

112 607 212 668 vitemJ
223 607 292 656 idem
304 614 377 654 sonat
388 605 512 655 Ausonio.
538 607 627 655 Bortls.
682 605 803 668 Lunensi
813 607 922 671 Gyrald.
933 608 1009 671 prim.
1018 608 1079 657 Vnt.
1092 615 1118 658 et
1131 608 1214 659 tritius

141 686 176 731 88
192 680 328 731 Rutilontes
340 681 453 743 crinibus]
469 681 642 730 Barbarorum
682 681 745 731 aliis.
762 683 840 744 vulgo
848 681 978 745 sunnone.
997 682 1073 731 sicet
1085 696 1123 732 vi.
1135 684 1214 735 Contt

111 765 209 809 turmas
218 758 284 807 dicit
301 773 316 806 a
333 757 569 806 Patrestiliclsonis
583 756 643 806 duc·
682 755 751 805 Hon.
772 757 890 820 ‘magnis
908 758 998 807 docuit
1016 758 1164 821 praeludere
1180 757 1216 808 la·

112 841 161 885 tas.
181 835 257 884 Idem·
680 832 732 881 tis!
756 832 819 883 Pari
831 832 907 882 modo
920 835 945 882 in
958 835 1068 897 vulgatis
1084 836 1139 885 illic
1156 851 1216 899 pec·

142 914 176 960 td
192 910 315 976 &afficeret
332 915 404 960 sotus
422 907 534 970 moeno]
554 909 644 958 Patris
680 916 763 959 catur.
783 924 821 960 ιν.
835 911 911 960 Cous.
922 911 1049 961 Honorii:
1068 913 1216 976 ‘Maioret

111 984 264 1036 felicitatem
276 986 352 1049 ponit
370 985 396 1033 iu
416 984 512 1033 virtute
527 984 596 1046 Filii,
614 990 645 1034 nt
681 986 771 1034 utilior
792 985 845 1035 fato
865 987 1003 1050 conjuncta
1022 989 1136 1051 potenti,
1155 989 1215 1038 Vile
1250 1003 1253 1010 ·

112 1064 175 1112 alibi
186 1077 237 1111 non
245 1063 324 1111 semel
338 1063 364 1111 in
375 1062 453 1110 rebus
467 1061 605 1110 Theodosii
616 1068 644 1110 et
680 1062 766 1112 lutens
777 1063 859 1113 virtus
868 1063 886 1113 :'
909 1063 952 1112 ubi
962 1061 1032 1122 sueto
1049 1065 1127 1113 etism
1146 1066 1216 1128 lege·

111 1139 244 1188 Filiorum.
277 1139 375 1188 Contra
394 1137 533 1188 infelicitas
552 1152 644 1200 paren-
681 1137 767 1188 bstur.
790 1141 824 1190 D.
835 1140 922 1190 Hans.

112 1221 178 1278 tum,
188 1215 350 1285 degenerans
359 1215 469 1264 soboles.
712 1218 743 1263 m
770 1215 947 1279 Spondelatque
965 1218 1046 1265 duom
1067 1217 1126 1267 celei
1151 1217 1216 1265 nitor

142 1292 266 1358 &fieret
287 1296 359 1340 nutus
376 1289 489 1353 Stidclo]
526 1289 645 1339 Stiliolorr
679 1290 763 1353 ἐμω
778 1290 1217 1355 mn113neuformscommeuda·

111 1371 207 1433 possim
222 1368 360 1432 Pomponii
382 1367 448 1416 Leti
463 1365 555 1416 codex.
582 1380 644 1429 quo·
681 1376 724 1418 tur
735 1370 762 1417 in
772 1370 938 1418 Fescenninis
950 1369 1070 1419 Honorii.
1094 1370 1148 1418 Ubi
1157 1371 1215 1439 plu·

111 1445 188 1495 modo
214 1446 241 1495 in
271 1443 353 1493 veteri
379 1442 547 1506 inscriptione
574 1441 644 1505 apud
682 1447 762 1497 ribus.
796 1446 896 1495 Formas
913 1447 981 1495 inest
999 1445 1215 1509 Regiadignites,

111 1523 262 1585 Gruterum,
271 1536 296 1585 p.
308 1525 365 1572 11⁰.
375 1521 405 1571 L.
417 1521 576 1570 Postumus
587 1519 645 1568 Sur·
682 1530 710 1572 et
726 1523 783 1572 haec
797 1523 842 1571 illa
859 1528 1005 1571 exornetur.
1027 1523 1116 1571 Barth.

111 1611 202 1650 ucort.
223 1598 258 1647 D.
271 1598 357 1648 Hom.
506 1616 512 1629 ·
713 1603 746 1648 46
758 1599 810 1648 Nec
819 1598 1041 1663 corninofingunt]
1052 1599 1140 1647 Etiam
1151 1597 1215 1648 1)οὸ-

145 1675 215 1722 Mens
224 1676 300 1722 ardua
314 1686 403 1735 rernpsr
413 1672 437 1720 Δ
450 1669 537 1734 wo]
548 1668 644 1719 Altam
681 1680 765 1722 turum
774 1672 922 1724 fictionibus
934 1674 1141 1738 prestantiorem
1152 1680 1214 1723 tem‘·

109 1749 234 1810 indolem,
253 1756 284 1798 et
304 1748 423 1810 spiritum
445 1746 578 1796 excelsum
600 1759 643 1807 sg-
681 1751 778 1812 perlem
789 1751 961 1799 membrorum
970 1750 1042 1799 dicit.
1061 1749 1137 1798 Hunc
1146 1749 1213 1799 euim

110 1826 197 1874 noscit
209 1825 235 1872 io
255 1823 378 1887 primeva
396 1822 476 1872 etium
494 1826 572 1870 etate
589 1820 643 1870 He·
680 1825 818 1874 mdeshoc
830 1827 886 1875 loco
898 1826 1004 1875 indicat.
1032 1827 1106 1875 idem.

85 1945 91 1952 ,
111 1901 184 1950 roiinr
196 1915 307 1948 snorum.
327 1899 416 1948 Booti.
714 1901 943 1966 Gumiinofineont]
955 1903 1060 1964 Fingent
1072 1910 1125 1952 tres
1133 1903 1221 1966 scrip-⁴

143 1980 174 2026 41
193 1975 307 2024 umisa
326 1973 421 2034 mom
438 1971 520 2034 tom]
556 1972 594 2021 Ut
616 1971 642 2021 in
681 1976 710 2025 ti.
736 1976 805 2026 Puto
818 1976 918 2042 fingant
941 1992 999 2026 cum
1019 1979 1148 2028 PalatIno.
1177 1980 1212 2028 D.

111 2053 167 2113 illo,
177 2052 186 2080 ⁴
198 2066 247 2100 nec
259 2057 287 2099 te
297 2051 373 2113 'froja
384 2049 471 2113 capit!
681 2051 769 2103 Heius.

144 2129 246 2176 Etenna
263 2131 287 2175 et
303 2127 368 2190 acer]
383 2127 500 2189 Tacitus,
517 2125 551 2174 de
568 2124 642 2188 Agri·
705 2132 738 2177 st
756 2131 812 2179 Alte
831 2130 978 2193 gradereris]
1002 2130 1138 2180 lncessum
1159 2131 1213 2180 He-

111 2207 170 2257 cole
186 2205 269 2255 adhuc
281 2219 378 2268 puero:
395 2204 518 2253 ‘seilicet
533 2203 642 2254 sublime
681 2205 782 2256 roicum
793 2209 873 2276 celsae
890 2215 996 2258 staturae
1012 2216 1040 2258 et
1056 2210 1213 2272 speciosissi-

111 2287 267 2353 ucerectum
281 2279 411 2344 ingenium
424 2279 643 2344 pulchritudinem
680 2296 722 2331 nro
731 2283 812 2333 vultui
820 2283 917 2347 junglt.

112 2374 142 2408 sc
161 2358 273 2422 speciem
291 2356 403 2405 excelse
419 2369 570 2420 magnaque
589 2354 643 2417 glo·
712 2359 782 2422 Alto]
808 2361 873 2409 Cum
896 2361 1035 2424 majestate
1057 2367 1085 2410 et
1106 2361 1217 2411 decores

110 2437 156 2485 rire
168 2433 343 2484 vehementius
360 2446 437 2495 quam
448 2436 525 2480 cauta
536 2438 643 2493 appete·
681 2437 770 2486 Basti,

110 2510 174 2560 but?
198 2510 270 2568 Acer,
295 2507 464 2555 Constantem
483 2507 511 2554 in
526 2505 643 2568 urgendo
712 2516 746 2561 4⁸
770 2512 884 2561 coam
900 2511 997 2575 mis]
1027 2512 1086 2561 Hoc
1109 2527 1212 2577 quoque

110 2583 245 2651 proposito
268 2581 394 2643 desim&
435 2581 548 2641 Emito,
572 2594 644 2643 ¹1¹⁰ss-
681 2601 741 2637 cnm
758 2587 948 2638 assurrectione
965 2589 1068 2638 honoris
1082 2589 1163 2638 delati
1175 2589 1212 2638 iu·

110 2663 241 2715 usnimum
252 2658 321 2708 omni
333 2671 389 2706 evo
401 2657 478 2707 valet.
496 2657 584 2708 Bartlr.
680 2663 783 2713 dicium.

142 2741 175 2788 tt
188 2737 233 2785 Nil
243 2734 311 2783 mere
321 2732 412 2795 moliri]
425 2733 544 2783 Animum
556 2734 642 2783 excel·
711 2740 922 2803 Assurgnttesque]
941 2742 1030 2790 Honos
1041 2740 1145 2791 habitus
1157 2739 1213 2805 dig·

110 2828 166 2863 sum
179 2827 230 2863 non
241 2810 373 2874 applicare
385 2809 462 2867 rebus
477 2808 587 2872 frivolis,
597 2815 645 2859 sut
680 2816 798 2866 niorilsus
820 2830 900 2879 pones
921 2817 1059 2865 Romanos.
1094 2817 1175 2880 Isque
1195 2833 1210 2866 u

110 2888 216 2939 minoris
227 2886 358 2936 momenti.
679 2891 771 2942 Postu
779 2893 1020 2943 adscribitnretiam
1033 2893 1121 2955 primis
1130 2893 1213 2942 homi·

144 2962 574 3028 Nilbreos]ll1inutum,exignum.
592 2963 642 3013 Cui
679 2966 764 3018 nibus.
798 2968 933 3018 luvenalis
955 2968 988 3016 de
1010 2967 1048 3015 his
1067 2968 1124 3016 Sat.
1148 2981 1211 3020 xrrn

110 3043 268 3093 conuertunt
289 3039 378 3100 nolin,
400 3039 469 3102 quod
486 3045 581 3088 conam
603 3040 642 3088 in·
679 3042 849 3094 ‘credebant
876 3044 925 3093 hoc
950 3043 1048 3105 grande
1076 3042 1159 3104 nefas,
1182 3051 1216 3092 ee

110 3120 182 3184 genti
198 3117 297 3182 aliquid
314 3114 560 3179 aggredidesigmt,
586 3115 641 3164 Ho-
678 3125 762 3168 morte
784 3119 916 3183 piendum,
944 3120 971 3168 si
990 3119 1094 3182 juvenis
1120 3121 1216 3169 vetulo

109 3195 206 3246 ratius:
224 3193 349 3243 ‘Quanto
372 3190 468 3240 rectius
484 3190 534 3254 liic,
550 3192 594 3256 qui
605 3191 641 3240 nil
677 3209 729 3244 non
741 3187 935 3246 assurrexerat?
957 3195 1047 3244 Barth.

110 3271 215 3322 molitur
226 3270 315 3331 inepte
324 3267 341 3316 l'
709 3274 743 3320 49
762 3271 839 3320 Taciti
853 3269 972 3333 suffragio
987 3270 1065 3332 vulgi]
1081 3269 1141 3320 dem
1153 3285 1218 3321 ocu·-

143 3347 190 3397 Nii
207 3345 275 3395 brem
293 3345 384 3408 nolin]
401 3345 446 3394 Nil
461 3345 583 3408 exiguum
595 3352 640 3395 snt
678 3345 710 3393 lis
725 3344 838 3394 omnium
858 3344 987 3392 notaberis
1005 3343 1107 3393 futurus
1124 3345 1212 3408 Impe-

109 3439 219 3490 psrvum
232 3422 323 3472 moliri.
348 3422 442 3471 Posset
453 3430 538 3472 tsmen
549 3429 577 3472 et
589 3423 641 3486 legi
679 3426 759 3481 rator,
770 3420 901 3481 Principis
916 3417 1010 3480 affinis,
1021 3423 1069 3470 &e
1097 3419 1155 3470 Nec
1172 3423 1217 3470 ul··
1240 3432 1245 3439 ·

110 3500 158 3549 Nil
178 3500 227 3548 laos
248 3497 341 3547 moliri:
370 3513 421 3562 quo
444 3498 536 3547 alludit
558 3499 641 3561 glossa
678 3497 720 3546 lus
730 3502 786 3545 erat
798 3495 841 3560 qui
853 3494 900 3545 tibi
912 3510 964 3544 non
974 3494 1082 3561 fureret.
1101 3496 1176 3547 Iden.

110 3573 207 3625 codicis
219 3574 303 3635 Regii,
313 3573 357 3636 qni
371 3587 450 3635 super
466 3572 496 3621 τὸ
511 3573 580 3623 dsunt
598 3572 640 3622 ud·
711 3577 743 3621 od
760 3572 877 3622 Reddidit
895 3572 961 3636 mlo]
986 3572 1066 3621 Velut
1082 3571 1220 3624 debitum,

109 3651 234 3714 scriptum
244 3650 427 3711 hebet,idest‚
437 3649 555 3699 instabile.
581 3649 640 3698 Lib.
678 3652 753 3702 Idem.

108 3741 141 3780 u.
153 3729 161 3756 ‘
173 3726 248 3777 futtile
264 3741 297 3776 ne
314 3726 375 3790 quid
394 3725 577 3791 Infirmumqne
596 3740 640 3791 ge·
710 3726 828 3780 Reddidit
836 3727 903 3791 uls]
919 3725 1009 3775 Debuit
1028 3726 1137 3789 Gyrnld.
1158 3728 1215 3778 Ln-

109 3802 169 3855 τιεί
185 3803 220 3853 D.
232 3802 319 3852 Heus.
678 3816 749 3854 cens.
767 3811 796 3853 et
806 3803 924 3854 undecim
945 3804 1005 3852 elii:
1024 3801 1093 3852 forte
1108 3805 1213 3863 detulit-,⁰

142 3880 244 3930 llaerere
266 3883 388 3943 potentum
418 3877 562 3941 liminibus]
593 3879 641 3928 Uti
678 3879 720 3929 uel
732 3879 845 3942 wadan,
864 3879 905 3928 vel
923 3878 1033 3928 credidit.
1053 3878 1126 3927 Infra
1146 3880 1164 3929 Ι.
1179 3894 1212 3931 ιι.

109 3957 344 4007 emendicabundus
375 3955 506 4006 fortunam
536 3970 641 4019 prospe·
678 3955 769 4006 ‘Quid
792 3969 844 4004 non
868 3954 1014 4017 intrepidus
1041 3955 1140 4015 credas,
1169 3956 1213 4006 cui

109 4032 212 4084 riorem.
236 4032 324 4081 Barth.
679 4031 751 4092 regie
767 4037 825 4080 tuto
847 4030 993 4080 Credituri'
1016 4030 1107 4079 Debuit
1123 4038 1221 4082 tomen.

141 4113 173 4158 4⁸
191 4107 316 4169 Forteque
332 4108 406 4170 honi]
434 4107 526 4157 lndole
543 4107 641 4156 Consu·
678 4123 727 4158 nec
750 4115 847 4158 temere
868 4109 1029 4170 mutandum,
1048 4109 1103 4158 hoc
1114 4114 1156 4158 est
1177 4123 1218 4160 en

108 4182 359 4251 latiiquaenmxima
366 4183 554 4250 inpensione.
565 4183 641 4236 Iden.
678 4183 769 4237 debito
789 4184 910 4236 contulit.
931 4185 1032 4241 ‚Uuur-
1043 4184 1138 4245 Peter.
1157 4200 1219 4239 sos·
