2662 4696
109 297 198 363 1700
275 310 384 360 noun
406 308 605 359 ιιιιιοιιυιι
633 309 672 357 ιιι
697 308 754 357 on.
760 306 914 358 corun
936 307 1045 357 xciv.

110 464 171 516 pens
195 448 280 500 denno
297 453 385 500 erecto
412 454 480 499 erst.
522 448 653 498 Sedulim
713 454 745 499 73
761 449 1043 514 Auctoremqueglobsn]
1059 449 1209 500 Genitorerr

110 525 417 577 buleuterium
426 525 591 586 Dirinorum,
613 531 644 574 ut
682 525 739 575 sibi.
756 527 831 577 Idem.
921 537 924 543 ⁴

111 602 215 668 quidem
226 602 264 650 illi
275 601 370 651 libriin
382 601 495 665 antiquis
512 602 654 651 codicibus·
713 605 746 650 74
762 601 872 651 Alienum
887 601 985 650 tendit
975 617 1002 650 sn
1012 603 1103 665 urbm]
1125 548 1213 651 niis

110 677 302 729 inscribuntur:
322 679 400 728 ‘Nec
417 677 643 742 poterntfnmulus
682 677 740 726 triu.
774 676 868 725 Omnia
887 678 939 725 late
967 678 1026 726 locs
1045 677 1213 740 pervolitat*

110 753 226 806 donnino·
241 754 369 804 clamante
389 761 485 815 tncere,
504 754 561 802 Nec
591 754 645 803 rito
682 752 842 813 Pboeuicern,
859 752 949 801 nullibi
970 753 1073 814 sistere,
1089 766 1138 802 uec
1154 765 1206 815 per-

110 836 242 896 prtesente
260 830 341 879 mori:
364 845 424 880 mox
445 828 550 892 agmine
571 844 644 879 verso
683 829 748 891 spici
758 829 827 878 clere
843 828 995 891 bominibus,
1014 828 1067 877 olis
1087 827 1214 878 fabulatio

111 907 254 970 Deponens
265 907 395 970 trepidum
410 906 526 955 recidivo
538 906 643 956 tramite
682 912 732 954 est.
750 905 826 954 Idem.

112 982 210 1033 luctum
239 981 356 1031 Candido
383 980 487 1031 felicem
511 981 645 1030 revocavit
715 983 803 1043 Pergit
815 981 840 1029 in
849 980 938 1043 orbem]
973 982 1060 1031 Tendit
1072 988 1145 1031 recte
1157 995 1216 1030 oum:

112 1058 354 1121 turbnpnreutem!
386 1059 472 1119 Vulgo
483 1065 510 1106 ct
521 1058 575 1106 illic
586 1073 645 1120 per·
683 1057 752 1106 Aido
768 1057 1129 1121 etscriptislirrpbelengius.
1156 1057 1209 1106 ride

115 1149 203 1198 perum
225 1135 337 1182 rediot'oo.
371 1132 450 1196 Apud
473 1134 656 1182 Dracontium·
683 1141 759 1183 notos
781 1133 825 1184 lib.
848 1122 880 1183 ir.
900 1134 925 1182 in
941 1134 1041 1182 Stilicb.
1058 1138 1118 1183 416.
1134 1135 1217 1196 pergit*

112 1209 281 1259 Hexamero:
306 1208 363 1258 ‘Et
381 1209 495 1258 recidive
515 1210 585 1258 sulus
606 1222 656 1256 re·r
684 1218 771 1258 tumen
781 1209 807 1257 in
819 1210 903 1272 primo
910 1209 971 1258 Vnt.
980 1216 1008 1257 et
1019 1208 1164 1258 Oiseliouo.
1179 1211 1210 1259 D.

113 1284 172 1335 duci
183 1299 231 1348 per
241 1284 356 1334 membro
369 1300 464 1349 ropore
476 1286 608 1346 Nascitur,
617 1292 645 1335 et
685 1287 770 1336 Heius.

113 1361 212 1411 calidus
228 1362 325 1424 repetit
344 1361 435 1410 vitalia
451 1361 555 1425 sanguis
568 1360 584 1409 :’
610 1361 647 1410 itu
716 1366 748 1412 ib
768 1363 878 1411 Ctnrrsrrnr
888 1360 1097 1424 mlominesuuus]
1125 1362 1218 1426 Isingrr

114 1436 183 1486 enim
201 1437 294 1501 opinor
314 1437 479 1486 scribendum
499 1451 566 1498 esse,
587 1451 656 1485 curn·
684 1437 937 1500 ciorum,propurron'.
956 1437 1039 1486 Idem.

112 1514 218 1563 redivivo
237 1513 324 1563 nmine
341 1514 417 1576 paulo
435 1518 495 1575 post
516 1517 647 1576 sequntur.
718 1513 811 1575 Funus]
827 1514 947 1563 Cadaver
959 1514 1053 1576 ipsum.
1064 1515 1154 1566 Booti„

115 1589 294 1640 Idemeodem
312 1590 448 1653 poemate:
467 1589 648 1651 ‘Vitogravis
717 1596 751 1640 ro
767 1593 900 1641 innumere
914 1593 1057 1639 comituntnr
1075 1591 1142 1654 ones]
1168 1593 1213 1642 Rs·

89 1714 92 1719 ,
115 1667 246 1719 hominum
263 1665 419 1714 subducitur
440 1666 539 1728 impete
560 1665 649 1713 mortis
687 1681 745 1730 gem
765 1665 893 1725 nimirum,
916 1679 991 1728 quem
1012 1680 1073 1714 mox
1095 1667 1213 1731 appellet.

117 1743 184 1795 Qun
196 1740 311 1791 recidive
327 1741 503 1805 mogisvivoci
518 1740 597 1790 corde
608 1755 657 1790 re¹¹
686 1741 811 1791 Tacitus·
837 1741 941 1790 ‘Multo
958 1747 1115 1790 ceter-rrum
1134 1742 1222 1792 orium·

115 1817 216 1880 surgit!
232 1816 379 1865 ‘Recidirn
396 1815 495 1865 feritcs’
513 1817 545 1866 de
565 1818 649 1866 rebel·
686 1818 923 1877 comitntn,noruur
943 1814 1039 1865 faciem
1054 1815 1220 1867 mirantium?

113 1891 182 1943 libus
199 1890 437 1940 Mediolanensibus
453 1892 589 1941 Gunthero
609 1893 651 1942 Li·
687 1895 761 1943 loen.

118 1966 203 2034 gerini
224 1967 292 2016 libro
315 1968 852 2030 rx.‘1njuriareeiniva’1nnuneroe
870 1966 1013 2015 comitantur
1031 1965 1099 2029 ones]
1128 1967 1221 2016 Glosse-

118 2043 389 2108 npndSymmacbnrn.
422 2041 501 2106 Apud
515 2043 649 2093 Sidonium
686 2049 772 2093 rantur
792 2043 888 2091 Moretr
899 2042 992 2092 codex
1010 2044 1110 2106 placet.
1127 2043 1215 2106 virgil.

119 2119 307 2183 Apollinarem,
340 2118 483 2168 ‘recidivo
515 2120 651 2170 cinnoma!
687 2120 792 2170 ‘Quom
820 2120 909 2168 multte
942 2120 1121 2181 glomerantur
1148 2121 1228 2181 ures,-⁴

117 2192 491 2244 anodiusltiuernrioPadi:
506 2193 650 2243 ‘Perfouc-
687 2209 750 2261 qnos
769 2194 878 2257 frigidus
901 2208 981 2244 annus
1003 2196 1086 2243 Trans
1104 2195 1215 2244 Pontum

118 2279 166 2321 tus·
181 2271 270 2334 primis
290 2270 406 2319 recidive
433 2272 550 2334 pericula
579 2272 649 2322 vidi!
688 2267 780 2332 fugat!
797 2269 854 2317 Lib.
866 2281 896 2318 ιι.
906 2269 932 2316 in
942 2267 1228 2331 Eutrop‘lnuumeri'

118 2347 280 2397 lderualibi:
296 2347 384 2396 ‘Tunc
396 2347 510 2396 recidive
520 2347 584 2396 serit
592 2362 650 2411 quoe
688 2347 863 2409 glomerantur
881 2346 936 2395 beri
947 2344 964 2394 ι’
981 2353 1007 2392 et
1016 2345 1065 2393 tib.
1080 2358 1112 2394 ιι.
1127 2345 1153 2394 in
1169 2345 1228 2394 lin-¹

118 2424 333 2488 portutgemriuo
349 2423 459 2472 Pboenix
469 2423 490 2472 :’
505 2423 542 2472 itu
554 2431 582 2473 et
597 2423 651 2471 iilic
688 2421 731 2471 fin.
755 2422 914 2471 ‘Commota
938 2421 1115 2484 glomerantur
1142 2418 1219 2483 uper.¹

118 2499 283 2550 scribendum
301 2513 357 2546 esse
379 2513 483 2547 censeo.
522 2500 602 2548 Plura
618 2498 651 2546 de
689 2498 753 2546 Mox
765 2498 898 2560 stipantque
914 2496 1096 2558 Bononiensis,
1108 2503 1136 2545 et
1145 2501 1227 2558 stepo·

100 2573 261 2624 -booverbo
280 2575 312 2621 ud
328 2574 436 2622 Seneeae
453 2573 567 2622 Troados
588 2573 652 2621 Gro·
682 2573 754 2631 foetu
774 2588 821 2637 pro
832 2589 943 2638 cumeurn
962 2579 1018 2636 opt.
1030 2571 1152 2623 Ambros.
1185 2572 1226 2622 Dc

94 2641 261 2698 ‘noviusvu
272 2651 330 2695 472.
361 2649 392 2694 D
404 2647 490 2696 Heius.
690 2647 777 2698 Heius.
1224 2658 1228 2689 t

153 2729 185 2774 67
207 2723 299 2774 Victori
324 2723 423 2786 cineres]
456 2724 516 2771 Non
543 2723 652 2785 amplius
722 2727 754 2772 79
770 2723 861 2786 Audet]
878 2724 979 2771 Metnm
995 2721 1231 2787 irreverentius&-

120 2801 180 2851 viro
200 2800 270 2863 alite,
281 2800 349 2849 unde
361 2806 390 2849 et
400 2800 465 2848 nlius
482 2806 510 2848 et
530 2799 598 2848 idem
615 2800 652 2848 di·
690 2801 775 2849 noscit
786 2800 953 2848 ethecbiel.
970 2799 1059 2848 Bnrtlr.
1205 2812 1228 2825 ⁵·

121 2877 200 2928 citur.
723 2875 913 2936 sumagnensis
933 2874 1045 2936 oderunt]
1081 2872 1229 2937 Frogrcrttir

156 2955 228 3004 Nullo
240 2953 347 3016 cogente]
364 2952 475 3016 Propria
486 2968 521 3001 vr
546 2951 636 3001 Bortlr.
691 2965 749 3000 num
769 2949 834 3013 0pt.
851 2949 943 2999 Ambr.
964 2954 991 2998 et
1010 2949 1161 3000 annieusi.
1189 2949 1228 2998 D.

154 3034 198 3078 68
198 3030 333 3090 Plumoque
344 3030 426 3077 rudem
436 3029 519 3077 restire
529 3024 654 3087 foot'llom]
692 3025 784 3075 Ηιίπι.

120 3105 235 3154 Traditio
257 3112 344 3153 tomen
370 3104 513 3152 communis
540 3115 654 3151 vermem
724 3105 754 3149 81
775 3102 830 3148 Non
840 3100 910 3158 serris
925 3101 1047 3164 accipiter,
1060 3116 1110 3149 non
1120 3099 1233 3160 miger·

124 3180 194 3243 prius
218 3179 288 3239 oriri,
304 3192 363 3225 mox
385 3177 556 3236 fieri‚dsiude
574 3178 665 3225 inter-·
691 3177 741 3240 ipre
754 3176 878 3238 Tormutis]
903 3176 950 3225 Ait
962 3186 1097 3240 utcunque
1109 3182 1224 3239 ruptores

119 3254 195 3317 jecto
217 3252 318 3300 dierum
336 3259 465 3301 certorum
485 3254 580 3315 spatio,
598 3250 665 3300 fieri.
694 3261 772 3318 etque
785 3253 902 3301 crudeles
915 3253 1034 3300 volucres
1046 3248 1236 3316 desinereuelas

43 3373 46 3377 .
123 3328 263 3377 volucrem·
282 3328 357 3376 ldem·
692 3330 763 3378 londi
771 3328 931 3378 cumvident
939 3327 1100 3377 Phoenicem.
1149 3334 1155 3355 '-
1228 3344 1235 3365 ι

156 3406 189 3450 70
206 3402 359 3469 Socceditqoe
369 3403 452 3466 nonus]
468 3402 534 3451 Suus
545 3402 595 3451 sibi
605 3403 656 3452 bae-
725 3405 839 3467 Anuiger
850 3403 975 3465 Tonantis]
984 3402 1036 3450 Hic
1048 3401 1155 3467 Aquila
1165 3401 1243 3453 noro

125 3492 176 3539 res,
184 3485 213 3527 et
223 3493 290 3527 nova
301 3477 445 3540 eademque
457 3478 519 3525 uvis.
537 3479 611 3528 Idem.
693 3482 733 3530 lus
744 3481 865 3543 accessit,
875 3482 943 3544 qnod
954 3479 1062 3529 fulmine
1070 3492 1242 3550 nonpercn‘r

157 3557 190 3602 tn
207 3554 322 3604 Protinus
335 3555 366 3601 ud
379 3553 474 3616 Nilum]
497 3555 586 3602 Prima
600 3555 656 3604 baec
694 3557 784 3606 tiator.
800 3556 890 3605 Bor-tlt.

126 3643 259 3678 unrocum
272 3631 586 3692 pnreursesentitlubori.
727 3636 758 3681 83
776 3632 861 3682 sturio
882 3632 912 3680 de
936 3631 1046 3696 Tigride]
1079 3630 1237 3697 Elegantia?

158 3704 269 3766 Socrord
286 3706 453 3768 Conseruere,
462 3708 534 3756 velut
547 3723 599 3756 rem
612 3706 668 3756 de-·
695 3707 789 3770 gratio,
807 3721 892 3770 exque
910 3721 981 3755 more
1000 3708 1117 3755 Romano
1137 3707 1241 3756 additer

125 3780 215 3831 bitom.
243 3780 332 3829 Mela:
349 3780 432 3829 ‘Cum
454 3782 577 3846 adolevit,
599 3797 668 3831 ossa·
694 3799 745 3834 vox
750 3784 833 3848 fluuii,
845 3799 903 3833 curn
920 3785 1032 3847 alioquin
1044 3783 1238 3848 perspicntdn'

124 3856 228 3922 pristini
242 3856 358 3918 corporis
378 3856 477 3904 inclusa
493 3858 596 3919 myrrha
614 3858 657 3906 AE·
695 3875 727 3910 eo
738 3861 843 3909 locutio.
860 3861 936 3910 Idem.

124 3940 232 3996 gyptorn
256 3938 389 3993 exportat,
410 3939 489 3994 atque
509 3933 536 3981 in
558 3934 658 3996 urbem,
728 3935 848 3984 Ftooiode
861 3932 1239 3998 woetummmmoolini

126 4022 203 4072 quum
223 4007 289 4057 Solis
312 4007 456 4069 appellunt,
481 4007 670 4071 fragrantibus·
695 4011 878 4074 conjeceram,
895 4011 962 4074 quod
975 4017 1029 4073 opt.
1041 4010 1239 4063 Ambros.con·'

124 4082 207 4131 usrdo
236 4080 316 4130 bustis
342 4080 466 4142 inferens,
493 4081 659 4130 memorando
696 4086 792 4149 firmet,
811 4093 839 4136 et
849 4084 1005 4134 *anuieusis
1017 4085 1094 4135 libor.
1121 4086 1240 4136 Dictum·-

128 4156 219 4208 fonere
230 4156 384 4207 consecret?
399 4157 490 4208 Burtb.
696 4161 743 4212 lib.
756 4175 800 4212 ιιι.
818 4163 853 4211 de
870 4163 948 4226 Ropt.
962 4176 998 4211 rs.
1018 4164 1075 4212 ιιι.
1093 4176 1153 4212 mox
1171 4161 1241 4225 lego·
