2662 4696
180 318 273 388 tuto
336 334 447 385 norm
469 332 672 383 vtnroanu
697 334 737 382 nr
762 335 821 384 on.
843 334 985 384 ortuo.
1007 332 1138 384 xxxv.

185 492 245 530 oum
264 475 451 540 Rapheiengio.
491 475 627 525 Cluverius
648 475 717 525 uliud
753 490 819 524 mino
830 475 946 525 Ausonio
957 476 1031 527 dieta
1046 477 1089 527 sit.
1122 475 1160 526 At
1169 477 1273 526 Solinus:
1325 522 1327 529 .

183 554 290 616 agebat,
300 552 343 617 qui
353 551 383 600 ri
391 553 508 615 ademptis
518 559 616 601 tuetur.
648 553 718 601 ‘Lir-
753 552 1020 617 ‘losicitiacampus
1032 554 1161 602 Enueusis
1179 555 1205 602 in
1220 552 1275 602 flori·

184 638 255 680 nata
274 629 360 692 peltra'
378 628 498 690 Virgilio,
517 627 579 676 Silio
596 627 719 677 ‘lunata
756 628 803 677 bns
814 643 917 692 semper
927 636 955 678 et
965 629 1034 677 omni
1050 642 1146 678 vernos
1164 629 1224 678 dir?
1240 628 1276 678 Ar·
1326 656 1327 679 i

181 705 274 758 urroa!
289 706 419 755 mirina
755 705 857 766 nobios,
872 706 918 754 lib.
930 720 956 754 v.
980 705 1033 753 ‘in
1050 719 1158 754 nemore
1177 704 1278 754 Enormi

219 781 309 843 Pettir]
325 782 417 843 clypei
432 780 597 828 Amazonum.
754 777 832 831 flores
858 781 1017 844 Proserpina
1045 782 1137 842 virago
1161 780 1278 845 quondan

219 857 340 920 Ademtir]
355 858 422 906 Sunt
440 855 499 904 iibri
511 856 555 917 qni
570 855 668 903 mmo
679 869 718 904 re·
754 857 911 908 lectitabat!
943 857 996 907 Jni.
1015 857 1145 906 Firmicns
1161 858 1194 906 de
1207 870 1279 915 errore

186 932 284 984 ierunt.
301 935 368 983 Saue
378 947 429 981 non
443 938 537 993 prater
548 945 611 980 rem.
633 931 719 980 Psilos
756 934 857 998 profan.
869 934 952 996 Reiig.
971 933 1093 982 ‘Parcus
1113 940 1203 983 autem
1221 932 1279 983 laem

186 1010 254 1060 enirn
264 1018 291 1058 et
298 1010 392 1066 Diana,
400 1007 491 1071 quibus
502 1007 635 1067 componit
645 1005 720 1056 Ama·
756 1011 783 1058 in
792 1011 874 1059 Enna
883 1009 997 1059 civitatis
1005 1008 1116 1059 tinibus:
1128 1009 1207 1074 eujus
1216 1023 1280 1058 amu·

186 1099 265 1136 nonas
286 1084 453 1143 Ciaudiuuus,
474 1096 532 1129 oum
554 1080 654 1130 fuerint
675 1082 718 1132 hic
757 1086 825 1135 nitas
836 1101 870 1134 ex
880 1083 971 1135 florum
982 1086 1154 1135 varietatibus
1171 1088 1281 1136 nascitur.

183 1162 241 1211 ‘ruis
263 1174 373 1225 qunque
395 1159 472 1207 armis
493 1158 639 1217 instructae,
656 1158 719 1221 quid
757 1163 825 1212 Nam
838 1175 995 1225 peromnem
1007 1175 1102 1210 annum
1117 1160 1170 1211 ribi
1182 1161 1280 1211 vicissim

186 1250 295 1287 neeesse
317 1243 358 1284 est
381 1235 437 1284 iiius
455 1233 565 1282 inermes
587 1234 720 1283 statuere?
757 1237 957 1288 succedentibus
990 1235 1097 1286 floribus
1134 1234 1283 1286 coronatur?

188 1313 304 1364 Aduucae
317 1316 403 1360 eutem
423 1323 514 1372 reapse
531 1309 672 1372 pettaeittae
685 1309 721 1360 Α·
758 1314 855 1364 Noster
865 1313 950 1363 infra:
969 1313 1119 1377 ‘Perpetui
1130 1311 1220 1378 flores,
1230 1328 1279 1380 qum

186 1390 335 1441 maeonium.
370 1387 570 1436 HincLsuotum
582 1402 720 1455 mmo·
758 1402 807 1438 nec
819 1395 864 1438 tua
875 1390 985 1453 protulit
1003 1387 1100 1438 Henna
1109 1388 1126 1438 ι’
1155 1396 1185 1439 et
1194 1391 1237 1440 lib.
1246 1402 1280 1440 ιιι.

187 1472 233 1521 eat
245 1468 378 1529 Papinius,
388 1467 404 1516 i.
418 1480 444 1515 v.
460 1465 551 1514 Bortd.
756 1467 854 1515 ‘rosea
865 1465 1026 1516 convallibus
1035 1466 1198 1533 Hennae,’·ut
1208 1469 1280 1533 legen·

183 1566 187 1575 ·
219 1551 253 1597 dd
281 1541 500 1604 marmonstier]
525 1543 586 1592 Non
610 1543 721 1593 'iimo-
759 1544 818 1593 dum
831 1552 902 1607 puto.
920 1543 1051 1594 narem.

188 1623 305 1682 «leontice,
323 1630 395 1670 recte
410 1618 530 1667 meliores
552 1618 624 1679 libri,
642 1620 721 1670 etiam
789 1624 822 1669 it
837 1620 936 1668 Mamor
949 1618 1038 1681 soluts]
1055 1619 1140 1668 Prim.
1158 1619 1243 1668 Vatir.
1257 1623 1278 1668 et

189 1695 260 1760 apud
278 1695 342 1744 aiios
359 1693 464 1743 Po'etas.
484 1693 641 1757 Periegetae‚
656 1693 721 1742 ἐνυά-
759 1701 813 1746 tres
825 1697 869 1746 alii
880 1711 938 1747 cum
947 1697 1059 1747 vetustis
1066 1695 1278 1746 editiontbmrao

187 1780 241 1821 uror
266 1769 400 1834 Θερμώδων.
440 1769 546 1829 ovidio,
572 1771 722 1833 ‘virgineus
758 1778 798 1832 tu,·
823 1774 935 1837 optime:
964 1774 1071 1835 vulgata
1092 1772 1174 1821 tectio
1195 1782 1277 1821 merum

188 1846 373 1904 'thermodon’
383 1846 457 1906 Silio,
466 1846 474 1875 ‘
483 1845 636 1896 Amazonius
644 1847 722 1896 Ther-
759 1850 886 1912 glossema
896 1853 945 1898 est.
961 1848 1061 1897 Noster
1069 1846 1167 1912 idyliio
1175 1846 1209 1897 de
1218 1847 1277 1896 Pio·

187 1923 291 1974 modon'
302 1925 327 1972 in
339 1922 390 1970 tine
402 1937 500 1970 versus.
518 1922 609 1972 Carrio
619 1922 652 1971 ad
663 1924 722 1973 Vri.
759 1924 832 1974 nice:
859 1924 998 1974 ‘obnubit
1012 1923 1085 1973 vario
1104 1926 1158 1973 late
1178 1936 1277 1974 convexa

188 2001 312 2052 floreum
324 2001 350 2047 in
362 1998 494 2047 contraria
511 1997 577 2061 abit,
594 1998 640 2047 sed
656 1997 722 2048 salii·
759 1998 864 2048 meatu?
891 2000 988 2048 Lucan.
1009 2011 1050 2048 rx.
1074 1999 1200 2049 ‘Persea
1218 1999 1277 2048 ma-

189 2083 242 2127 tnr.
268 2077 302 2125 D.
318 2075 401 2124 Heim.
759 2074 823 2124 beor
835 2075 953 2124 converti
967 2075 1045 2140 jussit
1064 2075 1097 2124 ad
1109 2083 1184 2125 ortus
1196 2076 1278 2138 Gorgo

223 2157 255 2202 68
283 2149 400 2211 Hamus]
427 2149 540 2198 Hermus
563 2149 653 2214 Lydiae
677 2166 724 2200 seu
760 2164 806 2200 nos
824 2165 915 2200 averso
933 2152 1077 2200 sulcantem
1095 2164 1177 2214 regna
1192 2146 1279 2200 meatu!

189 2226 310 2279 Maeontae
322 2226 424 2277 durius.
457 2227 501 2274 De
515 2241 577 2276 auro
588 2228 644 2290 ejus
656 2226 724 2277 Po'e'-
759 2226 797 2275 sia
817 2241 877 2276 rere
898 2234 971 2275 vetus
989 2226 1062 2276 iiber.
1090 2224 1279 2291 Statius‚Ttreb.

190 2306 245 2358 tico
256 2305 340 2355 omnia
352 2302 491 2352 notissima.
508 2303 598 2352 Burri.
759 2315 802 2350 ιιι.
814 2301 985 2365 ‘Amphiarae
996 2303 1077 2363 vides,
1086 2318 1178 2353 cursus
1187 2301 1280 2353 utnulla

223 2387 256 2432 69
274 2382 418 2430 Perrumrat
435 2393 492 2427 uarro
510 2379 622 2442 madido]
641 2380 724 2430 Cirra-
760 2392 864 2427 serenos
876 2378 939 2428 Ales
950 2386 1022 2442 agat,
1036 2377 1190 2443 liquidoque
1206 2379 1281 2443 poium
1325 2430 1327 2445 Ι

190 2464 247 2509 auat
265 2457 362 2506 Mureti
383 2455 461 2504 liber:
487 2455 532 2503 alii
551 2456 651 2507 codices
667 2471 725 2505 ouro
760 2453 1147 2517 complexameatuPendeati'
1166 2452 1283 2505 Idemliit
1325 2448 1327 2455 '

188 2534 313 2597 gravida·
330 2531 398 2579 unde
412 2530 525 2591 gravidos
543 2539 635 2581 contra
645 2534 724 2597 scrip·
761 2543 793 2579 tt.
805 2531 838 2578 de
850 2531 981 2580 Mercurio
1000 2532 1121 2581 volante:
1139 2531 1233 2582 ‘Arra
1250 2546 1284 2580 su·

190 2607 451 2671 tosRapheiengius:
470 2607 620 2657 nihiimuta.
647 2610 724 2659 Cous.
760 2621 810 2669 per
821 2608 981 2671 populosque
991 2607 1079 2657 meat!
1113 2609 1201 2673 Siiius,
1215 2610 1286 2660 ixit.

189 2684 300 2735 Manlii:
324 2681 498 2744 ‘madidoque
513 2682 590 2743 jubas
608 2685 724 2748 aspergi·
761 2681 794 2730 de
806 2682 930 2732 Daedalo:
948 2684 957 2711 ‘
970 2672 1022 2733 ilic
1033 2698 1081 2748 pro
1093 2684 1226 2750 nubiuago
1236 2700 1286 2750 gra·

192 2766 235 2810 tur
247 2758 328 2809 auro!
354 2756 433 2806 Ovid.
446 2757 514 2807 Met.
533 2770 572 2808 ιι.
589 2758 680 2809 ‘Arva
691 2762 724 2809 ri·
761 2763 804 2805 tus
814 2757 857 2820 pia
868 2760 967 2822 templa
983 2767 1071 2809 meatu
1087 2761 1210 2811 Instituit
1220 2762 1287 2811 Phoe·

191 2844 254 2902 gent
272 2851 334 2885 auro
353 2834 463 2883 madidis
484 2835 609 2898 pallentia
625 2836 724 2900 glebis!
761 2835 804 2892 bo,
816 2841 894 2899 atque
904 2837 1016 2886 audaces
1034 2836 1122 2886 exsuit
1137 2837 1212 2888 alas!
1238 2838 1289 2888 Ma·

189 2913 226 2964 D.
234 2912 321 2962 Heius.
761 2910 846 2974 uilius,
856 2910 899 2959 lib.
911 2925 937 2960 v.
954 2914 963 2939 ⁴
975 2911 1011 2960 Et
1021 2911 1120 2960 medios
1138 2911 1211 2962 inter
1226 2914 1290 2963 voln-

223 2990 290 3039 Auro
302 2988 415 3051 madida]
431 2988 572 3037 verissima
585 2987 724 3052 scriptura,
761 2999 831 3034 orem
851 3000 972 3049 prensare
994 2985 1113 3035 meatus!
1134 2987 1245 3050 Plinius,
1263 3000 1291 3037 x.

191 3066 312 3131 quicquid
332 3064 433 3112 varient
450 3064 519 3114 iibri.
551 3064 645 3113 Hermi
656 3065 724 3114 enim
761 3067 801 3111 38.
818 3064 896 3111 ‘aves
908 3064 979 3111 vario
994 3069 1079 3111 nieatu
1097 3061 1290 3114 feruntnretit

191 3141 259 3190 unda
271 3149 326 3189 tota
336 3141 443 3201 fingitur
453 3138 577 3202 ἔγχρυσος.
600 3141 637 3188 Ut
648 3141 724 3189 simui
761 3138 821 3188 aire
833 3148 860 3186 et
870 3139 896 3187 in
908 3142 996 3188 terra!
1016 3137 1178 3188 Prudentius
1191 3140 1290 3204 Hymno

192 3231 255 3266 uuro
266 3224 294 3265 et
314 3231 379 3279 aqua
391 3216 447 3278 ejus
468 3213 579 3265 fluminis
595 3217 723 3280 Nymphae
760 3215 787 3264 in
805 3216 947 3265 Eulaliurn:
967 3214 1051 3263 ‘vidit
1070 3220 1099 3263 et
1115 3213 1174 3276 ipse
1191 3216 1293 3265 satelles

191 3292 322 3343 madeant.
340 3291 428 3340 Barth.
761 3308 834 3341 nvem
853 3293 974 3340 Faeminae
985 3291 1018 3341 ab
1030 3305 1074 3339 ore
1084 3304 1175 3340 meare
1193 3288 1293 3355 palam!

224 3372 255 3418 ⁷1
276 3369 376 3432 Vulgus]
392 3368 525 3431 Nymphas
535 3383 593 3417 cnm
604 3369 723 3418 Ducibus
760 3369 909 3418 Marcianus
928 3367 1046 3430 Capella,
1062 3366 1080 3415 i.
1092 3379 1112 3416 ι.
1128 3366 1202 3416 ‘Per
1212 3366 1292 3416 aerios

191 3441 254 3497 ouis.
275 3447 366 3508 Vulgus
376 3445 457 3494 omnis
468 3444 553 3506 turba,
569 3452 597 3494 ut
607 3446 657 3494 ista
669 3446 723 3495 sine
760 3446 839 3496 etiam
857 3452 966 3506 tractus,
974 3444 1066 3509 quibus
1077 3441 1193 3493 formare
1205 3445 1293 3495 solitus

192 3524 284 3573 ordine
294 3524 399 3573 incedit.
417 3523 493 3573 Idem.
760 3528 788 3569 et
798 3522 932 3570 uolucrum
942 3519 1058 3568 diversos
1070 3526 1182 3581 meatus,
1194 3525 1222 3569 et
1232 3521 1293 3570 osei-

224 3604 257 3650 tn
273 3602 359 3664 AEtuu]
375 3599 464 3648 Scribe
476 3601 557 3660 Eunu,
565 3605 645 3663 quota
655 3600 724 3648 enim
760 3611 820 3645 num
834 3597 941 3658 linguas,
951 3602 979 3644 ot
997 3593 1122 3658 praepetis
1134 3595 1223 3645 omina
1233 3610 1293 3659 pen·

192 3688 253 3741 pars
264 3674 348 3723 AEtnae
360 3673 466 3722 florido?
477 3677 512 3723 Et
520 3689 571 3740 quo
580 3682 658 3738 pacto
670 3682 723 3724 tarn
761 3686 811 3733 nae,
821 3670 917 3721 frustra
927 3671 1104 3734 incassumque
1121 3667 1296 3734 disquiritur?

191 3751 320 3802 horribilis
332 3751 466 3800 maximam
478 3757 579 3814 partem
592 3766 663 3801 mons
679 3765 724 3813 pa·
760 3755 789 3798 et
799 3749 844 3797 lib.
857 3762 888 3796 ιι.
905 3746 998 3810 ‘Ejus‚
1015 3752 1119 3794 meante
1138 3761 1226 3808 penna
1241 3745 1292 3800 Qut

193 3835 236 3878 ter
254 3826 362 3877 florum?
387 3826 536 3876 Parrhasius
555 3828 634 3876 etiarn
654 3828 725 3876 Eunu
761 3825 829 3873 sotus
841 3829 911 3872 astra
921 3823 1008 3871 mundi
1021 3822 1217 3872 Praetervehere
1237 3837 1292 3886 per-

192 3906 295 3972 probat.
313 3906 386 3954 idem.
761 3900 815 3964 egit
823 3900 839 3948 :’
856 3906 884 3949 et
902 3913 977 3948 mox:
996 3898 1073 3947 ‘Non
1091 3898 1160 3947 enim
1173 3899 1206 3947 de
1218 3897 1293 3947 numi·

195 3980 198 3985 ’
227 3983 315 4033 Henna
334 3997 421 4045 parens
436 3980 539 4043 florum]
567 3981 610 4031 Ita
636 3980 723 4029 Oxou.
760 3976 835 4025 litate
854 3976 921 4025 aiiris
940 3976 1008 4025 illins
1021 3989 1110 4039 quaero
1123 3976 1168 4038 qui
1186 3973 1292 4025 volueri·

194 4059 264 4125 quod
283 4065 309 4107 ot
328 4058 353 4106 in
373 4059 423 4107 siris
440 4058 592 4106 Parrhasius
612 4057 739 4120 invenit3·
761 4054 808 4103 bns
830 4050 996 4116 permeatur!
1036 4052 1187 4115 Symposion
1209 4050 1290 4114 AEnig·

193 4140 223 4199 et
244 4133 312 4184 curis
333 4133 453 4182 secundis
477 4134 569 4197 probat
592 4132 724 4181 iirrrthius.⁴
759 4137 830 4179 mate
841 4143 884 4180 nx.
896 4130 928 4178 de
938 4129 1055 4192 Sagitta:
1080 4126 1176 4176 ‘A'era
1187 4138 1291 4192 perme-

194 4207 641 4281 ClureriusrdAEtuotuetur,qnod
652 4209 725 4274 flori·
760 4207 830 4258 diurn
841 4206 941 4258 volucri
951 4204 1081 4258 contendo
1091 4204 1201 4256 meatus
1228 4200 1290 4254 Hae
