2662 4696
435 338 606 396 11111111
631 348 680 396 nu
703 345 893 397 numurus.
1130 335 1216 400 1747

109 491 200 554 imis]
224 491 258 540 Ar
272 489 408 551 soram
424 491 496 540 sorta
509 491 651 539 Vossianus
688 489 748 540 Nec
775 489 901 539 abludunt
926 489 971 539 ilia
1002 488 1129 541 Nasonis:
1158 492 1219 543 ‘Et

111 577 145 620 et
163 575 320 618 caeterorum
340 581 399 629 pars
419 567 512 629 major.
546 566 651 616 Deinde
689 580 833 630 quanquam
861 573 961 629 uenter,
986 567 1082 617 mixtus
1109 574 1219 633 uterque

113 643 257 701 Vossianus
278 642 347 690 idem
360 641 459 706 filisque
477 643 609 690 uolucrum:
618 641 653 706 fl·
689 642 778 691 color!
811 643 868 691 Nec
880 643 971 693 dubito
982 644 1161 706 cognationem
1177 646 1220 694 lii·

114 719 203 782 diisque
222 719 340 767 uolucrum
362 717 567 766 Mediceuscum
588 716 653 765 Hal·
689 724 803 767 terarum
815 719 840 766 in
859 727 968 783 utroque
979 720 1028 769 hoc
1040 720 1164 770 vocabulo
1175 735 1219 772 oc·

115 793 219 845 niensis
244 795 354 857 natisque
372 793 476 842 uolueris
492 793 574 842 editio
601 794 653 843 llo·
689 794 823 843 curionem
835 793 937 843 dedisse
948 795 1137 858 corrumpendo
1148 797 1222 860 apud

116 883 217 918 mana:
238 869 349 931 felixque
370 867 471 916 uolucris
494 867 652 918 Maranius:
689 869 840 918 Lucretium
849 870 916 932 loco,
925 870 1140 934 quilibroquinto
1149 886 1220 921 men-

110 943 223 1008 felixque
242 947 362 993 volucrurm
380 943 431 992 duo
451 943 572 991 Vaticani
593 957 653 992 cum
690 945 838 994 dosissimus
850 961 918 994 nunc
930 945 1121 1009 circumfertur,
1133 947 1221 998 sireis

117 1019 292 1069 Bartholiuio.
304 1018 411 1068 Scribe:
429 1018 597 1076 Atfortuaotoe
604 1033 653 1066 sor-
689 1020 771 1083 ipsius
780 1029 822 1071 est
841 1023 1026 1086 Lucretii,sire
1045 1023 1079 1072 ab
1096 1024 1146 1074 ulio
1157 1039 1221 1089 quo·

116 1095 242 1160 tirflir'pue
251 1094 388 1145 volumem!
404 1099 431 1142 11
450 1092 517 1142 refer
537 1094 569 1141 ad
589 1094 654 1141 Par·
691 1114 766 1163 quam
787 1101 940 1163 inculcatus,
951 1102 989 1151 uti
1008 1101 1148 1151 Lambinus
1168 1114 1221 1153 uon

118 1186 208 1221 carum
221 1171 301 1220 iilum.
334 1170 403 1219 Vide
418 1171 584 1221 annotataad
600 1171 653 1220 Na·
690 1174 819 1225 immerito
830 1177 964 1240 censebat,
975 1178 1019 1242 qui
1037 1177 1074 1226 sic
1088 1177 1171 1228 edidit
1186 1193 1222 1230 ex

119 1245 424 1296 sonislleroidaxrr.³.
690 1249 807 1312 vestigiis
840 1252 1063 1302 membranarum:
1096 1254 1223 1319 Androgei

154 1325 202 1372 163
222 1322 372 1371 Foemiuaeel
383 1338 432 1371 mus
441 1321 491 1370 ltaec
501 1324 536 1371 uel
543 1325 654 1370 neutrum
690 1337 746 1372 aum
753 1329 869 1385 1111111111,
877 1327 940 1375 iuter
947 1328 1222 1392 urumquemoatroqu

119 1398 153 1447 sit
170 1413 239 1460 muge
251 1398 329 1461 felix]
347 1400 429 1449 Locus
446 1398 554 1449 mirifice
574 1399 655 1448 inter·
690 1405 813 1448 remotum.
831 1400 990 1463 Giphauius:
1008 1404 1222 1467 Androgyaumirr·

119 1479 235 1542 polatus.
268 1479 378 1526 Versum
394 1479 512 1526 mutilum
532 1479 569 1526 sic
585 1479 655 1527 exhi·
691 1479 728 1523 ter
738 1481 806 1525 atras
815 1491 856 1525 uec
865 1482 963 1540 utraque
974 1479 1090 1541 utrimque
1100 1484 1224 1531 samium.

116 1555 169 1605 iret
188 1555 338 1617 Vossianus,
356 1555 463 1604 Femina
480 1570 520 1604 eeu
541 1557 656 1604 mmcuim
692 1551 783 1599 Codex
795 1553 989 1602 membraneus:
1007 1554 1174 1618 Androgeum
1185 1555 1222 1603 ia·

120 1635 333 1679 estseaaeutram.
367 1630 656 1692 Oxouins,Foemiuusit
692 1629 817 1675 1111111111
838 1643 880 1676 nec
900 1632 1023 1691 &raroque
1043 1633 1167 1692 uirumque
1184 1645 1222 1680 re·

120 1703 414 1764 uutmusculusseusorte
429 1711 553 1762 neutrum
569 1721 654 1769 neque
691 1703 759 1752 moti.
793 1702 846 1753 Alii
867 1705 951 1756 aliter.
976 1706 1069 1756 Forte:
1095 1705 1223 1771 Androgy-

122 1781 202 1831 aliter
221 1782 360 1830 Maerianus
379 1788 407 1830 et
427 1780 579 1841 lllediceus3
608 1781 655 1828 nisi
692 1777 1022 1842 neainterneutruutqueud
1038 1786 1224 1844 assequeremu-

125 1857 197 1922 quod
218 1854 325 1921 in'illis,
350 1860 387 1907 uel
415 1859 547 1915 musculus‚·
576 1858 655 1925 etiam
693 1856 759 1901 ivm?
784 1853 880 1904 dicitur
907 1856 976 1904 enim
1002 1855 1159 1919 Ἀνδρθγῦνη*
1183 1856 1223 1906 καὶ

124 1933 279 1983 Hafuiensis
291 1941 319 1984 et
335 1936 402 1983 alter
413 1949 445 1983 ex
457 1937 534 1983 meis:
554 1934 599 1983 sed
612 1935 655 1984 ille
693 1926 846 1992 &rdpdywon
864 1938 891 1981 et
898 1939 970 1981 certe
978 1932 1223 1983 membranaeetiaur

121 2013 285 2072 amanterque,
296 2010 337 2059 hic
354 2015 477 2061 strumae.-
495 2009 562 2058 unde
574 2009 656 2059 editio
692 2006 824 2055 Vossiana
834 2007 861 2055 in
871 2009 921 2056 hoc
930 2007 1109 2058 Lucretiiloco
1131 2010 1224 2058 Arrdm·

124 2083 253 2144 Romana,
265 2085 371 2133 Foemr'uu
381 2085 414 2133 sit
425 2087 461 2134 uel
477 2087 592 2135 musculus
606 2086 656 2136 due
691 2095 786 2146 3911111.
804 2083 864 2133 Huc
882 2082 962 2145 refer,
976 2084 1071 2148 quaein
1084 2086 1169 2135 veteri
1186 2085 1224 2133 in-

121 2174 166 2210 sen
182 2158 292 2222 sorteque
310 2165 433 2210 neutrum:
452 2176 517 2211 rmus
535 2178 568 2212 ex
584 2165 657 2227 meis,
694 2161 836 2224 scriptione
847 2161 879 2210 de
888 2164 954 2211 AElia
962 2163 1041 2211 Laelia
1050 2163 1144 2227 Crispi,
1153 2178 1223 2226 quae·

121 2235 234 2284 Femina
247 2234 287 2283 ‘sit
304 2250 345 2284 seu
365 2239 529 2286 musculusseu
544 2240 578 2287 sit
589 2239 657 2298 forte
693 2249 743 2298 que
763 2237 830 2298 apud
852 2238 1022 2286 Claudianum
1043 2237 1076 2287 de
1098 2237 1224 2300 Eutropio

121 2315 250 2359 neutrum:
266 2311 407 2360 Vaticanus
420 2314 501 2375 prior,
510 2314 658 2362 Foemiuasr't
695 2317 842 2360 occurrunt.
1184 2366 1187 2373 Ι

122 2386 575 2446 eelsitmuscuiusseuforteaeuirum:
592 2390 659 2440 alter
729 2388 776 2433 166
797 2386 913 2448 Uipossii
931 2385 1005 2447 unsa,
1023 2387 1223 2450 loecuppetitus·

123 2463 280 2524 Vaticanus,
294 2463 379 2512 Forma
397 2464 430 2512 sit
445 2466 482 2512 uel
498 2466 613 2513 musculus
623 2469 659 2514 est
695 2476 739 2523 pue
750 2461 821 2524 mom]
836 2461 869 2510 ri
885 2464 934 2511 laec
945 2463 1020 2512 abest
1031 2463 1161 2526 ascriptis
1172 2478 1225 2513 om·

123 2540 383 2589 armamentorum:
400 2542 659 2605 Bartholiuius,Mos-
696 2536 787 2599 nibU⁸3
805 2538 1226 2603 [111118ν’ῢῑῑθθΰῑῑὸθᾶῑῑὸῙθῦθνΜ

123 2616 193 2663 culus
202 2630 234 2663 aa
244 2615 294 2663 ltoec
302 2615 337 2664 sit
347 2618 384 2664 uel
389 2615 491 2676 stamina
497 2617 593 2678 fortene
603 2635 659 2668 ucu-
695 2629 747 2676 quoe
769 2615 877 2676 appetit:
903 2616 970 2663 alter
995 2616 1139 2664 Vaticanus
1167 2630 1227 2665 cum

124 2695 199 2741 iram.
215 2697 217 2700 ·
235 2691 330 2741 Omnia
349 2691 472 2742 mendose
484 2699 511 2742 et
530 2693 563 2742 ab
580 2695 660 2745 inter.
696 2689 1164 2754 Bartuolinioutnmapoaiuappetit:
1180 2690 1227 2740 sed

123 2768 210 2831 palari
229 2783 314 2817 manu.
357 2770 395 2818 Ut
414 2769 521 2833 propius
540 2769 660 2818 Vossiani
696 2765 842 2827 hujusmodi
853 2766 938 2814 hiatus
958 2765 1042 2829 poetis
1064 2766 1141 2816 fuisse
1155 2765 1227 2817 fumi-

126 2844 241 2893 omnium
264 2843 396 2893 veterrimi
422 2844 539 2907 vestigiis
560 2845 659 2895 insista·
696 2841 782 2904 lieres,
793 2842 937 2903 praesertim
948 2840 996 2889 sub
1007 2843 1150 2904 posteriora
1162 2848 1226 2891 tem·

125 2932 194 2980 mus,
201 2917 329 2968 excidisse
338 2925 397 2981 post
407 2917 436 2965 ri
442 2924 551 2968 neutrum
559 2935 592 2968 ou
601 2934 660 2983 cog·
697 2933 771 2980 pora,
782 2918 899 2980 ignorare
912 2933 986 2966 nemo
998 2919 1117 2982 equidem
1130 2925 1228 2980 potest,

125 2994 259 3045 nationem
279 2985 433 3058 syllabarum
450 3000 576 3058 utrumque
593 2996 660 3044 exis.
697 2991 742 3055 qui
754 2991 905 3040 Christianae
917 2992 1019 3054 poesios
1030 2991 1176 3041 conditores
1188 2990 1227 3041 di-

125 3070 208 3130 timo;
226 3075 255 3118 ut
271 3069 407 3132 scripserit
426 3069 587 3131 Lactantius,
605 3071 660 3120 Fa·
698 3066 810 3130 ligeuter
829 3068 941 3116 evolvit:
960 3067 1041 3129 possis
1055 3067 1227 3131 nihilominus,

125 3144 200 3204 urim,
210 3157 251 3192 seu
262 3158 312 3192 mar
322 3144 380 3206 lroec,
397 3158 436 3192 seu
447 3148 565 3207 matrum,
574 3159 616 3193 scu
626 3146 660 3194 sit
694 3141 804 3204 percepit
814 3157 883 3205 usque
892 3143 961 3192 mori.
984 3143 1068 3192 Paulo
1078 3151 1136 3206 post
1147 3142 1227 3194 etiam

125 3223 259 3281 utrumque.
292 3219 401 3267 Prorsus
411 3218 502 3267 eodem
512 3219 597 3282 modo,
608 3234 660 3284 quo
697 3217 793 3280 malim,
806 3219 1011 3282 Nutrixipsusui
1027 3211 1228 3283 semper,alamuu

127 3292 197 3356 apud
222 3293 353 3341 Nasonem
376 3293 410 3340 de
437 3293 660 3358 Hermaphrodito
696 3295 979 3358 sui,pro,alumuusidr'.
1232 3316 1234 3320 ’

126 3368 304 3432 Metamorph.
332 3382 371 3418 ιν.
395 3368 461 3418 ‘nec
481 3368 585 3420 faemina
607 3372 661 3422 dici
731 3374 779 3418 167
798 3370 896 3426 Quieet
912 3370 1016 3432 ipsuuec
1031 3368 1141 3432 ipsuest]
1166 3367 1228 3424 Quoe

126 3445 187 3496 Nec
199 3459 266 3508 puer
284 3451 313 3493 ut
332 3444 414 3506 possit
426 3462 432 3494 1
448 3453 620 3512 neutrumque
632 3456 661 3499 et
697 3460 739 3494 uec
749 3446 802 3505 ipsu
811 3450 847 3492 est
857 3445 977 3492 mutilato
989 3457 1066 3491 versu
1079 3442 1228 3504 Vossianus,

125 3527 267 3584 utrumque
280 3519 401 3569 videtur!
425 3521 457 3570 ln
469 3525 604 3586 catalecta
616 3524 660 3574 Pi·
698 3534 817 3568 cumuno
828 3533 861 3567 ex
878 3519 948 3566 meis·
980 3517 1229 3580 Bartholinius,quoe

126 3595 240 3646 thoeanis
261 3596 381 3660 antiquus
400 3596 479 3660 poeta
496 3599 582 3647 nescio
605 3599 660 3663 quis
698 3594 795 3656 estipsu
807 3609 849 3642 aec
863 3595 969 3655 ipsuest.
1002 3592 1124 3642 Proximo
1136 3600 1227 3656 peuta-

127 3670 161 3722 de
169 3672 284 3735 duliam,
294 3672 356 3721 dum
368 3673 466 3736 puellas
475 3673 593 3722 muliebri
604 3689 661 3723 ves.
698 3678 782 3717 metro
801 3669 841 3716 vei
860 3667 949 3716 invitis
966 3667 1097 3717 codicibus
1116 3667 1228 3732 antiquis

127 3756 156 3798 te
180 3747 273 3797 induta
292 3755 411 3811 venatur,
431 3754 562 3797 castrato:
590 3749 662 3797 ‘Fan
699 3745 885 3810 rescripserim,
902 3747 984 3794 mortis
997 3749 1084 3810 adeptu
1103 3748 1159 3808 loco,
1176 3744 1228 3794 noli
1247 3744 1258 3753 “
1314 3788 1317 3793 .

126 3823 199 3874 mina
218 3818 309 3887 virque
329 3823 408 3886 prius,
427 3837 474 3871 nec
493 3823 531 3871 vir
548 3835 597 3871 nec
616 3821 662 3871 i'ae·
698 3819 765 3868 dono.

128 3899 200 3948 miua
220 3913 289 3947 nunc
306 3906 354 3947 est.
388 3900 430 3948 Fit
449 3907 570 3948 neutrum
590 3898 661 3948 credi
914 3907 1011 3920 ··-··

127 3973 234 4024 faemina
254 3974 314 4022 dum
335 3975 433 4024 voluit!
465 3975 509 4024 Sic
528 3981 556 4024 et
572 3975 661 4038 Epite-
733 3969 1099 4038 Hasnapolitissimewaili,
1118 3983 1175 4032 quas
1195 3969 1228 4018 ad

128 4050 293 4114 pirioculicis
307 4049 333 4097 in
353 4049 593 4100 iisdemcatalectis.
610 4048 663 4099 Au·
699 4050 852 4100 concinnum
878 4061 910 4098 ac
943 4051 1080 4095 venusium
1098 4045 1230 4095 Lactantii
1287 4071 1289 4080 ι

128 4125 217 4176 eonius
236 4126 364 4175 Mosella:
382 4127 487 4191 ‘Teque
497 4127 566 4175 inter
583 4126 662 4189 gemi·
700 4125 856 4189 poematium
866 4123 922 4189 jum
933 4121 1073 4171 olimmihi
1092 4120 1230 4171 observata

128 4199 663 4268 111111111111111111111111111111113
698 4201 758 4252 huic
769 4201 868 4254 11111111
885 4197 1011 4251 illinenda
1020 4195 1100 4283 duxi.
1132 4194 1165 4245 ln
1176 4198 1231 4261 ple
