2662 4696
187 324 275 393 1918
337 337 447 388 rso-rm
471 337 672 386 viatorum
697 340 734 386 ru
762 338 819 387 ca.
844 337 983 388 cuiun.
1007 337 1127 387 xxxi.

186 495 247 546 qua
258 478 345 528 omnia
354 485 475 529 recenset
487 479 580 530 Claud.
588 479 720 528 Tribunus
789 483 822 528 98
838 481 904 529 Mili
914 479 1011 546 fistula]
1036 481 1095 528 dam
1107 480 1202 544 fistula
1219 478 1290 542 prim.

180 563 216 605 ,ει
229 553 360 614 Notarius,
372 554 482 618 ideoque
498 554 574 616 bajus
586 555 624 602 rei
637 555 719 603 sciens
757 555 819 605 Vat.
829 561 857 603 et
867 555 959 605 Ambr.
976 556 1011 605 D.
1020 555 1107 604 Heius.

187 631 277 695 siquis
288 631 361 681 alius.
388 631 456 680 Vide
467 631 532 681 Cod.
544 633 560 680 i.
573 645 623 681 xn.
634 632 686 680 Tit.
696 636 719 682 t.
789 634 822 678 99
839 630 987 693 Responsmu
998 629 1088 691 cloria]
1103 629 1189 678 Vario
1206 629 1289 678 modu·

189 710 283 758 Clavem
756 705 861 766 lamine,
870 705 938 769 quali
949 711 1069 754 constant
1080 703 1162 753 chori.
1179 704 1267 753 Barth.

220 789 253 838 99
266 786 400 847 Regnorum
411 783 529 846 numeros]
540 784 667 832 Remorum
677 800 720 834 aa·
790 784 836 829 1⁰1
855 781 984 844 Proelisque
993 780 1087 843 adaia]
1111 781 1203 830 Praela
1217 786 1287 830 erant

185 876 276 911 merum
288 862 363 923 prim.
372 860 458 910 Vatic.
468 866 496 910 ut
508 860 525 908 Ι.
534 873 565 908 rr.
576 860 602 908 in
613 862 720 924 Eutrop.
757 856 784 905 in
796 872 843 905 usu
857 857 987 919 vestiaria,
996 856 1088 922 quibus
1105 864 1194 906 vestes
1205 855 1286 905 subdi·

186 937 351 986 *Rectorum
368 950 501 984 nanterum
521 937 597 984 terris
610 951 720 999 pereun-
758 940 792 981 tae
805 934 1038 995 coercebantunut
1048 935 1162 984 nitorem
1174 932 1284 982 formam·

187 1012 257 1061 tibus
269 1010 382 1074 augent!
416 1012 543 1060 metarum
558 1027 665 1061 numeros
675 1013 720 1062 Oi·
758 1023 808 1073 qne
821 1016 962 1059 servarent.
979 1009 1053 1058 idem.

186 1090 316 1149 setianus3
331 1088 365 1137 de
377 1087 513 1138 Praelectis
524 1090 719 1139 Provinciarum
791 1089 838 1134 102
850 1084 970 1148 Dionoeoe]
985 1086 1114 1135 Maternae
1126 1099 1133 1132 t
1152 1097 1229 1149 quam
1239 1096 1284 1131 ma·

186 1165 231 1214 ait.
266 1165 330 1212 Mox
349 1163 424 1226 prim.
442 1164 528 1214 Vatic.
546 1165 721 1228 ‘constringit
759 1166 800 1211 ter
820 1161 906 1210 Dione
927 1161 976 1224 ipsi
996 1167 1111 1211 neverat.
1147 1161 1207 1210 Hoc
1223 1159 1283 1209 enim

186 1239 213 1288 in
225 1254 302 1288 uniam
313 1240 419 1303 Sparsas
436 1241 538 1305 imperii
556 1242 634 1305 vires,
645 1257 721 1291 eune·
758 1236 888 1300 opificium
909 1236 1007 1287 indicat
1025 1251 1071 1301 per
1089 1240 1234 1285 maternam
1252 1242 1284 1284 te·

187 1330 270 1380 osque
283 1315 418 1364 recenset.'
435 1317 470 1366 D.
481 1316 566 1367 Heius.
756 1313 817 1376 lam,
839 1313 1004 1378 exquisitum,
1025 1326 1123 1373 rarum,
1141 1311 1284 1375 sepositum,

220 1390 349 1452 Numeros]
360 1391 490 1441 Militares
501 1392 632 1442 cohortes.
649 1393 720 1445 Quas
759 1396 876 1438 ornatum
899 1389 1008 1439 talibus
1022 1387 1131 1451 Nuptiis
1154 1385 1284 1449 protulisse

187 1469 250 1520 olim
265 1469 392 1530 cobortes,
412 1484 442 1518 eo
462 1485 518 1519 aevo
538 1486 658 1520 numeros
669 1471 721 1520 dici
758 1472 836 1530 atque
864 1465 1020 1530 impendisse
1041 1465 1175 1514 Venerem
1197 1460 1284 1526 signifi·
1311 1471 1313 1475 ’

187 1551 287 1608 creptos
298 1544 388 1593 scribit
399 1545 555 1594 sozomenus
567 1546 593 1594 in
605 1547 721 1595 Historia
759 1555 829 1590 caus.
849 1543 924 1590 idern.

187 1620 378 1670 Ecclesiastico.
395 1621 484 1670 namt.
790 1618 898 1666 Dionae
905 1616 1099 1667 mmitnatamiaa
1108 1614 1176 1678 teta]
1188 1615 1283 1662 Cleonem

221 1699 253 1744 88
271 1696 423 1758 Depositum]
449 1695 560 1745 Tabulas
571 1697 610 1746 ita
620 1697 722 1748 videtur
758 1693 838 1742 reddit
848 1693 961 1742 miracuta
971 1694 1024 1741 tela
1035 1692 1113 1755 prim.
1123 1690 1211 1740 Vatis.
1221 1689 1283 1737 mira

188 1771 320 1833 appellare
339 1770 416 1819 modo
428 1771 519 1833 dictas,
531 1787 594 1834 quas
607 1774 675 1835 apud
688 1789 721 1823 ae-
758 1769 811 1816 cula
822 1769 900 1817 etiam
917 1783 982 1817 unus
994 1768 1112 1817 Atubros·
1129 1767 1175 1816 alii
1188 1765 1282 1830 quidam

187 1844 294 1905 ratium,
306 1851 351 1892 aut
362 1843 479 1894 Scribam
491 1846 631 1908 publicum,
642 1847 721 1912 depo·
756 1845 889 1908 peplisque:
916 1846 1017 1895 Baslid.
1034 1845 1174 1908 peplumque
1194 1843 1283 1892 aalma:

188 1920 279 1981 suerit,
296 1920 337 1967 vel
357 1927 384 1968 et
401 1920 452 1969 alio
468 1922 525 1970 loco
541 1921 721 1985 Imperatorio·
760 1921 869 1970 anens.
891 1927 920 1969 et
938 1922 1013 1984 prim.
1034 1920 1124 1969 Vatis·
1142 1919 1283 1983 praeliisque:

188 2008 247 2044 rum
258 1994 444 2043 thesaurorum.
461 1996 537 2044 Idem.
759 2003 787 2046 et
804 1996 834 2044 τὸ
850 1999 933 2047 solata
947 1999 980 2047 in*
992 1997 1086 2047 mendo
1100 1997 1187 2048 cubat.
1220 1996 1282 2058 lege
1325 2004 1327 2014 ³

221 2071 360 2132 Depositum
371 2069 436 2133 quoe]
452 2071 721 2134 DispositosLucensis
757 2073 881 2136 prelisque
898 2073 991 2136 palita‚·
1014 2075 1058 2123 vel
1075 2079 1149 2123 certe
1168 2071 1283 2134 prelisque
1324 2094 1329 2131 5

188 2151 216 2194 et
225 2146 385 2195 Oiselianus:
404 2147 602 2210 dispositosquum
611 2149 720 2212 Gyrald.
757 2149 851 2197 solatis.
871 2148 1032 2212 Ammianus,
1045 2150 1181 2198 l.xxvrrr.
1198 2147 1282 2197 ‘Solu
1325 2138 1329 2195 f

187 2222 373 2284 dispositisque
394 2221 469 2285 prim.
490 2223 577 2272 Vatic.
593 2225 721 2274 secundus
760 2222 792 2270 iis
805 2225 939 2285 pressoriis
956 2232 1041 2274 vestes
1057 2226 1117 2272 luce
1129 2224 1243 2273 nitentes
1251 2235 1283 2270 ar·
1326 2218 1329 2269 i

188 2299 325 2362 depositum.
358 2301 448 2350 Scribe
468 2315 501 2350 ex
519 2303 633 2364 vestigiis
654 2303 721 2366 opti·
758 2294 1139 2362 bitradttigemerexplorem!
1156 2296 1277 2348 nuens

188 2389 286 2424 morum
306 2376 434 2438 codicum,
456 2379 614 2439 transposita
632 2377 722 2426 verbo·
792 2377 839 2421 199
862 2375 1006 2423 Exstruitur
1019 2374 1116 2436 cums]
1145 2368 1247 2423 Currum
1263 2386 1283 2420 u·

188 2463 246 2500 rum
258 2450 341 2499 serie:
360 2452 722 2515 Rectoramtractatsumerum‚
758 2462 807 2496 nus
824 2447 945 2498 Ambros.
964 2457 994 2498 ut
1012 2449 1173 2499 Grecismus
1191 2449 1234 2496 sit.
1249 2460 1284 2495 ne·
1326 2444 1329 2495 i

187 2524 366 2584 cmutringitia
383 2541 454 2573 anum
471 2527 571 2587 Sparsas
581 2528 722 2590 imperiive.
759 2537 809 2586 qne
828 2523 906 2572 aliter
922 2524 1049 2573 secundus
1067 2529 1094 2575 et
1115 2525 1211 2574 tertius
1221 2522 1283 2572 Vati·
1324 2510 1329 2529 ⁴

187 2613 234 2659 rea,
246 2615 371 2662 cuneosque
381 2608 486 2650 recenset
502 2604 654 2666 Dispositos:
670 2622 722 2668 qum
759 2600 827 2647 9999·
845 2601 920 2648 Idem·

188 2672 332 2722 Saramene
351 2677 456 2724 mutuata
478 2678 547 2739 ripn,
565 2682 604 2740 qa.
637 2679 723 2729 Aliter
791 2675 858 2733 uago
872 2674 976 2736 floribus
997 2673 1091 2736 talam]
1125 2675 1221 2725 Omnia
1240 2675 1283 2723 vs

189 2751 321 2814 Bastulus,
333 2768 407 2815 quem
420 2753 480 2809 boni
489 2754 592 2803 codices
605 2756 653 2804 hoc
664 2757 721 2806 loco
759 2750 829 2797 neris
856 2756 1016 2799 armamenta
1042 2749 1152 2800 floribus
1177 2750 1284 2814 rosisque

189 2826 319 2879 defecere.
354 2829 474 2892 Dispositi
494 2831 571 2890 marei,
594 2831 722 2894 quomodo
758 2834 852 2875 oruata
878 2827 953 2890 dicit,
974 2830 1043 2877 inter
1064 2842 1097 2876 ea
1125 2835 1154 2877 et
1181 2840 1283 2877 currum.

188 2901 216 2952 in
244 2905 328 2952 veteri
356 2905 523 2967 inscriptione
548 2903 720 2954 Ariminensi:
759 2900 850 2950 Barth.

188 2976 331 3028 ‘Ausoniis
353 2981 455 3042 pupulis
479 2981 588 3043 gentiles
611 2982 660 3030 rite
681 2996 723 3029 co·
792 2980 839 3025 194
867 2976 1003 3040 Columbae]
1034 2981 1154 3028 Vecttlffl
1174 2977 1284 3037 Veneria,

188 3051 277 3102 hortea
288 3055 432 3116 Disposuit,
444 3055 529 3102 sanxit
540 3054 649 3116 foedera,
660 3056 722 3117 jura
759 3052 901 3102 Columbae.
920 3054 995 3103 Idem.

189 3126 283 3176 dedit!
314 3130 378 3177 Mox
398 3131 467 3177 Getis
485 3131 638 3192 protelatis
654 3132 722 3181 libri.
791 3132 837 3176 105
850 3128 1156 3194 Quoecuaquesremmton]
1170 3128 1286 3180 Fremeait

190 3199 225 3254 D.
240 3201 327 3249 Heius.
759 3216 818 3250 cum
830 3203 1029 3253 Lucensimalo.
1063 3204 1129 3252 Mox
1140 3204 1286 3252 raaciPadu·

222 3280 255 3324 99
274 3278 394 3331 Quantum
404 3278 499 3327 cinxere
509 3279 624 3340 cobortes]
642 3280 722 3334 Ques·
758 3294 948 3342 soe,nunraucoe
966 3281 1081 3330 Palatia.
1095 3296 1184 3330 raucus
1194 3283 1286 3330 asismat

189 3353 240 3407 tarr
266 3358 293 3400 et
318 3367 378 3400 mox
404 3359 490 3415 quanto
518 3352 584 3402 bene
612 3355 721 3417 Raplrel.
759 3359 842 3406 olores
865 3359 932 3408 dixit
952 3361 1038 3421 Maro,
1060 3360 1117 3426 AEu.
1136 3374 1185 3410 vn.
1207 3366 1287 3408 noster

190 3427 282 3490 scripti
291 3428 452 3478 confirmant.
472 3430 545 3478 Idem.
757 3448 853 3481 raucam
865 3435 984 3483 Padusam
1001 3435 1033 3483 ob
1045 3435 1173 3483 olorinum
1185 3447 1287 3484 concen-

224 3508 255 3553 93
275 3506 357 3566 Elegit
375 3504 487 3569 Stilicho]
512 3505 607 3554 Erexit
626 3505 657 3553 ad
679 3521 722 3555 eas
759 3516 820 3557 tam.
828 3508 1073 3573 AuctorPervigilii
1081 3511 1210 3560 Veneris:
1222 3509 1288 3561 ‘lau

191 3577 341 3640 dignitates.
374 3582 424 3628 Vel
441 3588 512 3628 certe
526 3587 554 3628 ut
576 3580 722 3641 nuptiarum
757 3584 879 3647 loquaces
891 3600 935 3633 ore
952 3599 1029 3633 rauco
1041 3590 1137 3646 stagna
1148 3586 1227 3648 cygni
1238 3597 1288 3648 per·

191 3652 430 3703 conciliatarlaerit
449 3654 566 3723 Stilicho,
583 3668 635 3702 uon
647 3668 722 3702 secas
759 3660 895 3721 strepunt!
913 3662 947 3708 D.
960 3661 1048 3710 Heius.

192 3742 223 3778 ac
235 3729 376 3778 Claudiano
389 3745 507 3792 sponsam
524 3731 637 3780 contulit
649 3732 722 3781 Sere·
793 3739 840 3781 108
858 3737 957 3797 Emptis
975 3735 1092 3784 obmutuit
1112 3738 1177 3787 unda
1188 3730 1289 3799 querelis]

191 3818 240 3863 na;
274 3804 383 3853 ducente
403 3807 513 3874 ipsomet
532 3807 557 3854 in
577 3805 668 3868 Elegia
689 3807 721 3855 ad
758 3807 876 3872 Abruptis
903 3808 992 3872 magis
1014 3811 1124 3873 placet;
1158 3817 1190 3861 ut
1215 3810 1288 3860 alibi:

192 3892 256 3928 sam.
291 3881 356 3931 Quae
369 3880 530 3929 doctissimus
544 3881 677 3930 Claverias
689 3882 721 3929 da
758 3885 910 3949 ‘abrumpit
930 3895 1015 3935 mutas
1043 3887 1070 3934 in
1090 3886 1137 3935 iila
1158 3881 1288 3951 querelas?

191 3952 340 4016 adoptione,
351 3957 435 4005 minus
454 3956 590 4004 credibilia
607 3964 721 4006 autumo.
758 3959 867 4022 Statius,
882 3962 964 4011 Theb.
978 3975 1015 4010 vr.
1032 3962 1088 4011 ‘sic
1109 3961 1166 4012 lata
1186 3969 1288 4025 repente

193 4026 283 4078 Bartlr.
758 4034 890 4097 Concidit,
908 4037 1078 4100 abruptisque
1099 4039 1235 4089 immutuit
1249 4049 1309 4094 ort.

225 4104 258 4148 96
276 4101 410 4152 Marcentes
419 4104 722 4170 cupioquassarecoronas]
758 4110 886 4173 querelis!
920 4111 978 4160 Lib.
995 4124 1024 4161 v.
1041 4112 1178 4162 ‘moriens
1194 4113 1288 4176 vagitas

195 4173 256 4232 Hae
267 4174 335 4226 enim
345 4177 481 4244 Hymenaei
492 4177 612 4231 officium.
628 4180 703 4233 Idem.
759 4183 785 4234 in
796 4198 872 4235 auras
883 4187 1001 4252 Excidit,
1016 4194 1046 4238 et
1062 4189 1148 4254 ruptis
1164 4187 1289 4241 immutuit
