2662 4696
375 326 690 380 *arronsrrurrre
1000 308 1092 389 lm

79 466 193 518 ¹orrcesso
202 467 516 534 jurenesinditejnrgio!
589 475 619 520 1⁵
637 471 759 522 Sollicitos
772 472 872 538 mens]
898 473 1088 540 Uoeaesaipti.

79 559 117 594 ss.
556 546 612 597 aliis
616 550 672 611 jam
685 549 776 600 rhum.
792 549 868 603 Idm.

447 811 633 881 LXXIII.

79 1022 126 1089 De
145 1024 265 1106 Fraeno,
287 1027 443 1110 Phalaris,
466 1041 496 1094 et
523 1029 658 1118 Cingulo
675 1029 761 1118 Equi
783 1030 921 1098 Honorii
934 1057 954 1098 a
973 1033 1090 1099 Serena

480 1134 586 1197 missis.

79 1326 132 1376 W
148 1314 207 1364 dono
223 1317 279 1366 doto
298 1317 373 1380 prim.
384 1317 471 1368 Vetic.
490 1323 519 1367 et
558 1316 615 1365 dari
626 1314 712 1365 solito.
732 1316 820 1364 Barth.

79 1423 82 1439 .
97 1389 134 1439 D.
147 1391 232 1441 Heius.
591 1391 747 1441 lanionibus
758 1389 854 1452 sudata]
870 1391 1018 1443 Elaboruta.
1034 1394 1092 1444 Do·

79 1465 176 1527 annuis]
192 1468 234 1516 Ne
245 1467 309 1516 miro
328 1467 384 1517 haec
404 1470 519 1532 appella·
558 1466 611 1515 rior
621 1474 707 1516 tamen
729 1467 837 1526 locutio,
853 1467 901 1514 nisi
913 1468 982 1530 quod
994 1470 1092 1533 impen-

79 1540 175 1588 ristiani
192 1542 322 1604 Principis
332 1543 416 1592 videri
428 1544 519 1605 possit,
559 1557 615 1591 snm
643 1541 756 1590 studium
784 1541 945 1590 elaborantis
973 1543 1091 1594 denotat.

79 1629 84 1664 :
101 1614 204 1664 infinita
220 1618 278 1666 loca
297 1620 431 1682 utriusque
443 1619 519 1669 cndi-
560 1619 636 1668 Idem.

79 1691 160 1754 Imque
178 1692 332 1754 Principum
349 1694 519 1756 posteriorum
592 1699 622 1743 13
642 1695 767 1744 Persarum
780 1695 870 1756 gentile
887 1694 968 1756 decas]
984 1693 1026 1744 Ao
1038 1711 1092 1746 mo·

79 1766 202 1816 tationes.
220 1769 308 1819 Bortb.
460 1811 463 1816 .
558 1785 613 1819 rem
633 1771 781 1821 Persarum.
814 1772 889 1820 Mille
908 1772 971 1821 locis
982 1772 1094 1823 barbara

79 1843 247 1905 ierorirgcre]
269 1844 331 1893 Non
356 1845 518 1896 conculcare.
559 1861 655 1912 pompa
671 1853 699 1896 et
719 1847 840 1910 superbia
852 1847 961 1897 vestitus
977 1848 1094 1911 phalera·

88 1917 249 1981 Hyperbolae
272 1920 422 1983 Pobtarum,
439 1937 519 1986 equos
559 1936 668 1987 rumque
680 1923 845 1972 Persicorum
856 1924 1004 1974 auctoribus
1023 1925 1093 1974 cele·

79 1998 136 2042 stas
145 2009 195 2042 non
204 1993 313 2044 inflexas
322 2009 435 2045 currere.
445 1997 519 2048 Idem.
559 1998 659 2048 bratur.
678 1999 752 2049 Idem.

79 2084 113 2121 aa
130 2073 206 2135 sotto]
224 2073 301 2121 Corsa
319 2071 411 2136 scripti
422 2087 519 2124 omnes.
592 2079 623 2124 14
635 2075 754 2125 Maeonis
764 2076 863 2139 nmio]
873 2076 931 2127 Jam
942 2076 1036 2126 marito
1047 2076 1094 2143 igi-

79 2147 123 2194 inr.
559 2157 602 2202 tur
613 2152 734 2203 Honorio
744 2153 801 2202 brec
813 2152 921 2217 scripta.
938 2153 1013 2202 locu.

79 2223 298 2287 mombritio]
315 2223 519 2289 Notaodaequis

451 2494 632 2562 LXXIV.

174 2707 228 2771 24.
267 2705 453 2794 Deprecatio
469 2708 513 2773 od
526 2707 688 2773 Alethium
706 2706 910 2778 Quaesiorem.

79 2888 164 2938 »suta
180 2891 211 2938 oti
227 2890 349 2940 Alethium
366 2892 521 2955 Quaestor-em,
594 2895 608 2938 l
636 2891 679 2939 Sic
704 2906 751 2939 oon
776 2890 928 2952 AEtbiopum]
951 2886 1095 2940 attestatio

79 2979 99 3015 s.
118 2970 147 3014 at
165 2966 241 3027 prim.
260 2968 411 3027 Vaticanus,
431 2965 522 3028 Incipit
561 2964 660 3013 ironica
679 2964 831 3014 damnorum
853 2973 900 3013 aut
933 2963 1095 3014 miseriarum

79 3036 108 3086 io
134 3043 199 3102 apud
224 3043 347 3089 Alethium
375 3043 522 3095 Qucstorem
562 3038 782 3103 sustinendarum,
793 3040 815 3088 si
826 3040 974 3088 mentiatur.
997 3038 1095 3089 Sicon·

79 3111 191 3172 firmam
202 3116 233 3175 ci,
243 3118 304 3177 qoud
318 3115 464 3176 epigramma
473 3115 522 3175 cius
562 3113 658 3164 sideros
669 3120 766 3179 tamen,
785 3116 904 3178 ambigua
921 3121 981 3164 sunt
992 3115 1095 3176 omnia;

79 3189 184 3238 tuomet.
234 3192 356 3239 Barthius
393 3191 519 3240 Manlium
562 3197 651 3256 potest
660 3191 728 3240 enim
740 3190 817 3242 facile
828 3206 918 3241 carere
929 3191 1046 3241 omnibus
1057 3191 1096 3241 his

79 3277 153 3313 orum
171 3265 220 3314 hoc
243 3268 430 3330 epigrammate
448 3268 521 3332 tangi
561 3263 694 3331 pertenta,
712 3267 778 3316 Iocis
796 3267 945 3332 periculosis
964 3267 1096 3318 abstinen-

79 3345 145 3390 ttnr:
164 3355 222 3390 enm
236 3343 294 3392 vide
306 3359 366 3407 pag.
380 3348 453 3394 1063.
485 3346 520 3394 D.
561 3340 671 3407 deffleat
683 3341 754 3391 adiro
764 3356 840 3391 nemo
849 3343 920 3391 illum
932 3349 1023 3405 cogat;
1045 3356 1095 3391 nec

562 3416 631 3466 tanti
642 3416 740 3467 crimen
759 3416 829 3465 istud
847 3422 877 3465 nt
888 3423 1031 3480 propterea
1042 3417 1095 3466 exi·

79 3487 152 3539 ilhic
169 3505 266 3542 summo
277 3494 343 3555 viro,
355 3495 398 3558 qui
418 3510 452 3545 ex
468 3510 521 3545 ma·
561 3493 623 3542 lium
633 3499 749 3541 metuere
761 3490 888 3555 potuerit.
903 3490 979 3539 Idem.

79 3576 111 3612 rra
132 3563 260 3629 dignitate
283 3567 420 3617 Poe'ticam
442 3569 521 3618 etiam
593 3567 738 3631 bScytbico
760 3565 803 3615 rub
827 3566 898 3630 Jove]
926 3565 979 3614 Ubi
1004 3578 1095 3630 perpe·

79 3640 166 3690 mnam
187 3642 342 3706 aestimabat,
364 3643 460 3692 nemini
477 3644 521 3692 ob·
563 3641 1095 3706 tuumfrignnhiemeverointemecinom.

79 3729 99 3767 a.
133 3716 270 3766 Palinodia
286 3718 328 3768 hic
348 3725 388 3768 est
404 3718 523 3767 simulata
563 3719 640 3768 idem·
844 3746 846 3750 >

79 3793 524 3858 nQnaestoricaui‚cujuscarmina
596 3791 671 3842 aste
688 3807 735 3842 aon
753 3792 911 3856 imbriferam]
945 3793 1042 3857 scripti
1052 3792 1097 3842 im·

79 3880 98 3915 a
118 3872 263 3918 notaverat.
305 3867 524 3932 nuncuparem
564 3867 668 3931 baisorir,
678 3876 791 3932 excepto
803 3869 878 3932 prim.
889 3868 977 3917 Vatic.
995 3875 1022 3917 et
1033 3869 1095 3919 Am-

79 3949 156 4005 ratur,
178 3950 207 3991 ut
227 3944 353 3995 Horatius
377 3945 523 4008 Canidiam,
563 3945 634 3996 bros.
658 3944 745 3995 malim
772 3943 855 4011 nubem
875 3943 1018 3995 duroman.
1057 3945 1095 3994 D.

79 4018 201 4085 deinceps
212 4024 363 4086 plausurum
385 4024 442 4086 ejus
455 4023 524 4086 inge·
564 4019 656 4070 Heins.

79 4093 190 4159 medient,
211 4096 317 4147 interibi
337 4099 422 4149 doctis
439 4099 523 4150 modis
596 4095 697 4147 Noctem
707 4095 843 4145 &uentibus
850 4095 937 4160 badio]
949 4093 1027 4147 Hoed'i
1038 4096 1094 4161 plu·

79 4167 358 4236 infastumtradnceus.
374 4174 464 4226 Bartb.
562 4170 718 4223 vialesidus.
751 4170 841 4249 bortis.
877 4240 880 4245 Ι
