<?xml version="1.0" encoding="UTF-8"?>
<!DOCTYPE html PUBLIC "-//W3C//DTD XHTML 1.0 Transitional//EN"
    "http://www.w3.org/TR/xhtml1/DTD/xhtml1-transitional.dtd">
<html xmlns="http://www.w3.org/1999/xhtml" xml:lang="en" lang="en">
 <head>
  <title>
</title>
<meta http-equiv="Content-Type" content="text/html;charset=utf-8" />
  <meta name='ocr-system' content='tesseract 3.04.00' />
  <meta name='ocr-capabilities' content='ocr_page ocr_carea ocr_par ocr_line ocrx_word'/>
</head>
<body>
  <div class='ocr_page' id='page_1' title='image "./claudiiclaudian02claugoog_0121.png"; bbox 0 0 2662 4696; ppageno 0'>
   <div class='ocr_carea' id='block_1_1' title="bbox 167 323 1123 391">
    <p class='ocr_par' dir='ltr' id='par_1_1' title="bbox 167 323 1123 391">
     <span class='ocr_line' id='line_1_1' title="bbox 167 323 1123 391; baseline -0.009 0"><span class='ocrx_word' id='word_1_1' title='bbox 167 323 255 391; x_wconf 75' lang='grc'>1500</span> <span class='ocrx_word' id='word_1_2' title='bbox 314 336 423 388; x_wconf 74' lang='lat' dir='ltr'>uara</span> <span class='ocrx_word' id='word_1_3' title='bbox 446 332 647 387; x_wconf 78' lang='lat' dir='ltr'>vamoaou</span> <span class='ocrx_word' id='word_1_4' title='bbox 670 333 710 383; x_wconf 83' lang='lat' dir='ltr'>m</span> <span class='ocrx_word' id='word_1_5' title='bbox 735 333 791 383; x_wconf 81' lang='lat' dir='ltr'>ou.</span> <span class='ocrx_word' id='word_1_6' title='bbox 815 332 955 384; x_wconf 79' lang='lat' dir='ltr'>onaan.</span> <span class='ocrx_word' id='word_1_7' title='bbox 978 332 1123 384; x_wconf 88' lang='lat' dir='ltr'>xxvrrr.</span> 
     </span>
    </p>
   </div>
   <div class='ocr_carea' id='block_1_2' title="bbox 133 473 1321 3636">
    <p class='ocr_par' dir='ltr' id='par_1_2' title="bbox 167 473 1321 542">
     <span class='ocr_line' id='line_1_2' title="bbox 167 473 1321 542; baseline -0.003 -13"><span class='ocrx_word' id='word_1_8' title='bbox 167 478 216 529; x_wconf 83' lang='lat' dir='ltr'>det</span> <span class='ocrx_word' id='word_1_9' title='bbox 236 491 305 541; x_wconf 86' lang='lat' dir='ltr'>pene</span> <span class='ocrx_word' id='word_1_10' title='bbox 326 483 441 541; x_wconf 83' lang='lat' dir='ltr'>captum,</span> <span class='ocrx_word' id='word_1_11' title='bbox 459 474 555 540; x_wconf 83' lang='lat' dir='ltr'>iusum,</span> <span class='ocrx_word' id='word_1_12' title='bbox 571 476 702 542; x_wconf 80' lang='lat' dir='ltr'>iugatum·</span> <span class='ocrx_word' id='word_1_13' title='bbox 737 491 796 532; x_wconf 85' lang='lat' dir='ltr'>nem</span> <span class='ocrx_word' id='word_1_14' title='bbox 816 476 864 526; x_wconf 89' lang='lat' dir='ltr'>sibi</span> <span class='ocrx_word' id='word_1_15' title='bbox 881 476 951 526; x_wconf 89' lang='lat' dir='ltr'>victo</span> <span class='ocrx_word' id='word_1_16' title='bbox 968 473 1219 537; x_wconf 70' lang='lat' dir='ltr'>lidam381illehooi</span> <span class='ocrx_word' id='word_1_17' title='bbox 1236 473 1321 525; x_wconf 65' lang='lat' dir='ltr'>fan-</span> 
     </span>
    </p>

    <p class='ocr_par' dir='ltr' id='par_1_3' title="bbox 170 551 1083 619">
     <span class='ocr_line' id='line_1_3' title="bbox 170 551 1083 619; baseline 0 -18"><span class='ocrx_word' id='word_1_18' title='bbox 170 567 232 619; x_wconf 77' lang='lat' dir='ltr'>qne‚</span> <span class='ocrx_word' id='word_1_19' title='bbox 254 552 306 602; x_wconf 88' lang='lat' dir='ltr'>suis</span> <span class='ocrx_word' id='word_1_20' title='bbox 329 552 426 602; x_wconf 86' lang='lat' dir='ltr'>artibus</span> <span class='ocrx_word' id='word_1_21' title='bbox 445 568 461 603; x_wconf 84' lang='lat' dir='ltr'>a</span> <span class='ocrx_word' id='word_1_22' title='bbox 480 555 596 604; x_wconf 78' lang='lat' dir='ltr'>Romam</span> <span class='ocrx_word' id='word_1_23' title='bbox 613 555 701 602; x_wconf 86' lang='lat' dir='ltr'>Duce.</span> <span class='ocrx_word' id='word_1_24' title='bbox 737 566 798 602; x_wconf 83' lang='lat' dir='ltr'>rere</span> <span class='ocrx_word' id='word_1_25' title='bbox 809 568 897 602; x_wconf 83' lang='lat' dir='ltr'>omnes</span> <span class='ocrx_word' id='word_1_26' title='bbox 908 568 977 601; x_wconf 88' lang='lat' dir='ltr'>suos.</span> <span class='ocrx_word' id='word_1_27' title='bbox 994 551 1083 601; x_wconf 83' lang='lat' dir='ltr'>Bartb.</span> 
     </span>
    </p>

    <p class='ocr_par' dir='ltr' id='par_1_4' title="bbox 175 626 1312 767">
     <span class='ocr_line' id='line_1_4' title="bbox 175 626 1312 690; baseline -0.003 -12"><span class='ocrx_word' id='word_1_28' title='bbox 175 629 266 679; x_wconf 73' lang='lat' dir='ltr'>Brut.</span> <span class='ocrx_word' id='word_1_29' title='bbox 770 633 817 678; x_wconf 71' lang='lat'>815</span> <span class='ocrx_word' id='word_1_30' title='bbox 835 629 926 688; x_wconf 61' lang='lat' dir='ltr'>Inferri</span> <span class='ocrx_word' id='word_1_31' title='bbox 937 626 1045 690; x_wconf 78' lang='lat' dir='ltr'>comites]</span> <span class='ocrx_word' id='word_1_32' title='bbox 1064 626 1161 690; x_wconf 71' lang='lat' dir='ltr'>Offemsi</span> <span class='ocrx_word' id='word_1_33' title='bbox 1174 626 1202 676; x_wconf 84' lang='lat' dir='ltr'>in</span> <span class='ocrx_word' id='word_1_34' title='bbox 1216 639 1312 676; x_wconf 77' lang='lat' dir='ltr'>nor--</span> 
     </span>
     <span class='ocr_line' id='line_1_5' title="bbox 204 703 946 767; baseline 0.001 -15"><span class='ocrx_word' id='word_1_35' title='bbox 204 703 363 766; x_wconf 69' lang='lat' dir='ltr'>succinctior]</span> <span class='ocrx_word' id='word_1_36' title='bbox 379 704 509 767; x_wconf 86' lang='lat' dir='ltr'>Paratior,</span> <span class='ocrx_word' id='word_1_37' title='bbox 519 703 552 753; x_wconf 93' lang='lat' dir='ltr'>ob</span> <span class='ocrx_word' id='word_1_38' title='bbox 569 704 654 753; x_wconf 86' lang='lat' dir='ltr'>lrabile</span> <span class='ocrx_word' id='word_1_39' title='bbox 675 710 703 753; x_wconf 89' lang='lat' dir='ltr'>et</span> <span class='ocrx_word' id='word_1_40' title='bbox 739 705 797 754; x_wconf 86' lang='lat' dir='ltr'>tris.</span> <span class='ocrx_word' id='word_1_41' title='bbox 813 706 848 753; x_wconf 87' lang='lat' dir='ltr'>D.</span> <span class='ocrx_word' id='word_1_42' title='bbox 860 705 946 753; x_wconf 67' lang='lat' dir='ltr'>Heim</span> 
     </span>
    </p>

    <p class='ocr_par' dir='ltr' id='par_1_5' title="bbox 171 777 1293 844">
     <span class='ocr_line' id='line_1_6' title="bbox 171 777 1293 844; baseline -0.004 -14"><span class='ocrx_word' id='word_1_43' title='bbox 171 780 266 830; x_wconf 82' lang='lat' dir='ltr'>mobile</span> <span class='ocrx_word' id='word_1_44' title='bbox 284 795 385 844; x_wconf 74' lang='lat' dir='ltr'>agmen.</span> <span class='ocrx_word' id='word_1_45' title='bbox 403 782 478 830; x_wconf 79' lang='lat' dir='ltr'>Idem.</span> <span class='ocrx_word' id='word_1_46' title='bbox 772 784 823 829; x_wconf 84' lang='grc'>317</span> <span class='ocrx_word' id='word_1_47' title='bbox 841 780 973 841; x_wconf 76' lang='lat' dir='ltr'>Naufragii</span> <span class='ocrx_word' id='word_1_48' title='bbox 977 779 1120 840; x_wconf 74' lang='lat' dir='ltr'>fragmenta</span> <span class='ocrx_word' id='word_1_49' title='bbox 1130 777 1191 842; x_wconf 77' lang='lat' dir='ltr'>mer]</span> <span class='ocrx_word' id='word_1_50' title='bbox 1216 777 1293 828; x_wconf 84' lang='lat' dir='ltr'>For-</span> 
     </span>
    </p>

    <p class='ocr_par' dir='ltr' id='par_1_6' title="bbox 173 855 1275 1073">
     <span class='ocr_line' id='line_1_7' title="bbox 204 855 1096 919; baseline -0.002 -15"><span class='ocrx_word' id='word_1_51' title='bbox 204 856 251 904; x_wconf 80' lang='grc'>301</span> <span class='ocrx_word' id='word_1_52' title='bbox 270 855 364 904; x_wconf 84' lang='lat' dir='ltr'>Fatalis</span> <span class='ocrx_word' id='word_1_53' title='bbox 382 857 483 919; x_wconf 81' lang='lat' dir='ltr'>seraper]</span> <span class='ocrx_word' id='word_1_54' title='bbox 507 855 581 904; x_wconf 89' lang='lat' dir='ltr'>Bello</span> <span class='ocrx_word' id='word_1_55' title='bbox 600 855 704 917; x_wconf 80' lang='lat' dir='ltr'>Getico,</span> <span class='ocrx_word' id='word_1_56' title='bbox 741 856 948 919; x_wconf 83' lang='lat' dir='ltr'>tumereliquias.</span> <span class='ocrx_word' id='word_1_57' title='bbox 968 855 1058 903; x_wconf 82' lang='lat' dir='ltr'>Barlls.</span> <span class='ocrx_word' id='word_1_58' title='bbox 1094 883 1096 886; x_wconf 92' lang='lat'><em>-</em></span> 
     </span>
     <span class='ocr_line' id='line_1_8' title="bbox 174 930 1275 998; baseline -0.006 -15"><span class='ocrx_word' id='word_1_59' title='bbox 174 933 244 998; x_wconf 79' lang='lat' dir='ltr'>quod</span> <span class='ocrx_word' id='word_1_60' title='bbox 262 934 323 983; x_wconf 90' lang='lat' dir='ltr'>huic</span> <span class='ocrx_word' id='word_1_61' title='bbox 350 933 415 983; x_wconf 89' lang='lat' dir='ltr'>libro</span> <span class='ocrx_word' id='word_1_62' title='bbox 435 933 635 983; x_wconf 79' lang='lat' dir='ltr'>conterendum:</span> <span class='ocrx_word' id='word_1_63' title='bbox 662 933 704 982; x_wconf 89' lang='lat' dir='ltr'>‘A</span> <span class='ocrx_word' id='word_1_64' title='bbox 773 935 822 980; x_wconf 82' lang='grc'>319</span> <span class='ocrx_word' id='word_1_65' title='bbox 839 933 930 980; x_wconf 77' lang='lat' dir='ltr'>Nemeo</span> <span class='ocrx_word' id='word_1_66' title='bbox 941 930 1106 993; x_wconf 78' lang='lat' dir='ltr'>circumrorat]</span> <span class='ocrx_word' id='word_1_67' title='bbox 1124 931 1213 993; x_wconf 79' lang='lat' dir='ltr'>Ipsam</span> <span class='ocrx_word' id='word_1_68' title='bbox 1224 943 1275 977; x_wconf 90' lang='lat' dir='ltr'>me·</span> 
     </span>
     <span class='ocr_line' id='line_1_9' title="bbox 173 1003 1274 1073; baseline -0.008 -14"><span class='ocrx_word' id='word_1_69' title='bbox 173 1023 267 1073; x_wconf 77' lang='lat' dir='ltr'>magno</span> <span class='ocrx_word' id='word_1_70' title='bbox 275 1008 419 1058; x_wconf 87' lang='lat' dir='ltr'>Stilichone</span> <span class='ocrx_word' id='word_1_71' title='bbox 429 1013 511 1057; x_wconf 62' lang='lat' dir='ltr'>cave?</span> <span class='ocrx_word' id='word_1_72' title='bbox 533 1010 608 1058; x_wconf 77' lang='lat' dir='ltr'>Idem.</span> <span class='ocrx_word' id='word_1_73' title='bbox 741 1006 846 1056; x_wconf 73' lang='lat' dir='ltr'>modam</span> <span class='ocrx_word' id='word_1_74' title='bbox 871 1005 982 1054; x_wconf 89' lang='lat' dir='ltr'>cladium</span> <span class='ocrx_word' id='word_1_75' title='bbox 1004 1017 1110 1052; x_wconf 84' lang='lat' dir='ltr'>suarum</span> <span class='ocrx_word' id='word_1_76' title='bbox 1129 1003 1274 1066; x_wconf 87' lang='lat' dir='ltr'>abspellere</span> 
     </span>
    </p>

    <p class='ocr_par' dir='ltr' id='par_1_7' title="bbox 174 1076 1271 1298">
     <span class='ocr_line' id='line_1_10' title="bbox 207 1076 1271 1148; baseline -0.009 -14"><span class='ocrx_word' id='word_1_77' title='bbox 207 1089 257 1134; x_wconf 81' lang='grc'>302</span> <span class='ocrx_word' id='word_1_78' title='bbox 274 1084 378 1133; x_wconf 73' lang='lat' dir='ltr'>Rmtutit</span> <span class='ocrx_word' id='word_1_79' title='bbox 387 1084 494 1148; x_wconf 79' lang='lat' dir='ltr'>bostilm]</span> <span class='ocrx_word' id='word_1_80' title='bbox 507 1084 555 1132; x_wconf 85' lang='lat' dir='ltr'>Vir</span> <span class='ocrx_word' id='word_1_81' title='bbox 565 1084 657 1133; x_wconf 91' lang='lat' dir='ltr'>doctus</span> <span class='ocrx_word' id='word_1_82' title='bbox 667 1089 707 1133; x_wconf 89' lang='lat' dir='ltr'>est</span> <span class='ocrx_word' id='word_1_83' title='bbox 743 1082 828 1130; x_wconf 88' lang='lat' dir='ltr'>auimo</span> <span class='ocrx_word' id='word_1_84' title='bbox 838 1086 925 1142; x_wconf 82' lang='lat' dir='ltr'>vovet,</span> <span class='ocrx_word' id='word_1_85' title='bbox 936 1081 1012 1144; x_wconf 90' lang='lat' dir='ltr'>inque</span> <span class='ocrx_word' id='word_1_86' title='bbox 1029 1081 1087 1128; x_wconf 89' lang='lat' dir='ltr'>loca</span> <span class='ocrx_word' id='word_1_87' title='bbox 1099 1080 1156 1128; x_wconf 89' lang='lat' dir='ltr'>sola</span> <span class='ocrx_word' id='word_1_88' title='bbox 1171 1076 1271 1139; x_wconf 87' lang='lat' dir='ltr'>deferri,</span> 
     </span>
     <span class='ocr_line' id='line_1_11' title="bbox 175 1153 1269 1223; baseline -0.005 -16"><span class='ocrx_word' id='word_1_89' title='bbox 175 1160 218 1223; x_wconf 86' lang='lat' dir='ltr'>qui</span> <span class='ocrx_word' id='word_1_90' title='bbox 240 1158 345 1222; x_wconf 84' lang='lat' dir='ltr'>oblique</span> <span class='ocrx_word' id='word_1_91' title='bbox 364 1158 406 1208; x_wconf 90' lang='lat' dir='ltr'>bic</span> <span class='ocrx_word' id='word_1_92' title='bbox 429 1160 514 1208; x_wconf 85' lang='lat' dir='ltr'>notari</span> <span class='ocrx_word' id='word_1_93' title='bbox 540 1160 707 1210; x_wconf 81' lang='lat' dir='ltr'>Stilichonem</span> <span class='ocrx_word' id='word_1_94' title='bbox 743 1157 787 1207; x_wconf 90' lang='lat' dir='ltr'>ubi</span> <span class='ocrx_word' id='word_1_95' title='bbox 809 1170 903 1206; x_wconf 89' lang='lat' dir='ltr'>nomen</span> <span class='ocrx_word' id='word_1_96' title='bbox 931 1157 1073 1204; x_wconf 88' lang='lat' dir='ltr'>Romanum</span> <span class='ocrx_word' id='word_1_97' title='bbox 1099 1168 1153 1202; x_wconf 89' lang='lat' dir='ltr'>uon</span> <span class='ocrx_word' id='word_1_98' title='bbox 1179 1153 1269 1202; x_wconf 86' lang='lat' dir='ltr'>audiat.</span> 
     </span>
     <span class='ocr_line' id='line_1_12' title="bbox 174 1232 820 1298; baseline -0.002 -16"><span class='ocrx_word' id='word_1_99' title='bbox 174 1232 255 1282; x_wconf 88' lang='lat' dir='ltr'>dicat.</span> <span class='ocrx_word' id='word_1_100' title='bbox 288 1233 398 1282; x_wconf 86' lang='lat' dir='ltr'>Minime</span> <span class='ocrx_word' id='word_1_101' title='bbox 421 1247 493 1295; x_wconf 87' lang='lat' dir='ltr'>vero,</span> <span class='ocrx_word' id='word_1_102' title='bbox 516 1249 573 1283; x_wconf 90' lang='lat' dir='ltr'>cum</span> <span class='ocrx_word' id='word_1_103' title='bbox 595 1235 708 1298; x_wconf 85' lang='lat' dir='ltr'>priorem</span> <span class='ocrx_word' id='word_1_104' title='bbox 745 1234 820 1282; x_wconf 83' lang='lat' dir='ltr'>Idem.</span> 
     </span>
    </p>

    <p class='ocr_par' dir='ltr' id='par_1_8' title="bbox 133 1306 1272 1523">
     <span class='ocr_line' id='line_1_13' title="bbox 133 1306 1270 1373; baseline -0.005 -14"><span class='ocrx_word' id='word_1_105' title='bbox 133 1330 152 1359; x_wconf 76' lang='grc' dir='ltr'><strong><em>ο</em></strong></span> <span class='ocrx_word' id='word_1_106' title='bbox 176 1307 260 1365; x_wconf 68' lang='lat' dir='ltr'>fadus</span> <span class='ocrx_word' id='word_1_107' title='bbox 271 1306 381 1372; x_wconf 80' lang='lat' dir='ltr'>fregisse</span> <span class='ocrx_word' id='word_1_108' title='bbox 391 1308 534 1373; x_wconf 79' lang='lat' dir='ltr'>Alaricum,</span> <span class='ocrx_word' id='word_1_109' title='bbox 546 1317 574 1359; x_wconf 88' lang='lat' dir='ltr'>et</span> <span class='ocrx_word' id='word_1_110' title='bbox 582 1312 634 1359; x_wconf 88' lang='lat' dir='ltr'>suis</span> <span class='ocrx_word' id='word_1_111' title='bbox 646 1313 707 1360; x_wconf 86' lang='lat' dir='ltr'>arti·</span> <span class='ocrx_word' id='word_1_112' title='bbox 780 1310 944 1358; x_wconf 73' lang='lat' dir='ltr'>circumsonat</span> <span class='ocrx_word' id='word_1_113' title='bbox 954 1307 1033 1370; x_wconf 77' lang='lat' dir='ltr'>auree]</span> <span class='ocrx_word' id='word_1_114' title='bbox 1045 1306 1210 1355; x_wconf 77' lang='lat' dir='ltr'>circumsonet</span> <span class='ocrx_word' id='word_1_115' title='bbox 1221 1317 1270 1354; x_wconf 89' lang='lat' dir='ltr'>cum</span> 
     </span>
     <span class='ocr_line' id='line_1_14' title="bbox 176 1383 1037 1449; baseline -0.006 -14"><span class='ocrx_word' id='word_1_116' title='bbox 176 1385 226 1435; x_wconf 83' lang='lat' dir='ltr'>bas</span> <span class='ocrx_word' id='word_1_117' title='bbox 235 1385 328 1434; x_wconf 88' lang='lat' dir='ltr'>merito</span> <span class='ocrx_word' id='word_1_118' title='bbox 337 1385 542 1435; x_wconf 86' lang='lat' dir='ltr'>circumventum</span> <span class='ocrx_word' id='word_1_119' title='bbox 553 1393 610 1435; x_wconf 86' lang='lat' dir='ltr'>tota</span> <span class='ocrx_word' id='word_1_120' title='bbox 620 1401 708 1436; x_wconf 86' lang='lat' dir='ltr'>narra·</span> <span class='ocrx_word' id='word_1_121' title='bbox 745 1385 885 1449; x_wconf 86' lang='lat' dir='ltr'>plerisque.</span> <span class='ocrx_word' id='word_1_122' title='bbox 902 1384 937 1432; x_wconf 89' lang='lat' dir='ltr'>D.</span> <span class='ocrx_word' id='word_1_123' title='bbox 951 1383 1037 1431; x_wconf 82' lang='lat' dir='ltr'>Heius.</span> 
     </span>
     <span class='ocr_line' id='line_1_15' title="bbox 161 1456 1272 1523; baseline -0.005 -14"><span class='ocrx_word' id='word_1_124' title='bbox 161 1461 215 1510; x_wconf 90' lang='lat' dir='ltr'>.tio</span> <span class='ocrx_word' id='word_1_125' title='bbox 226 1460 474 1511; x_wconf 80' lang='lat' dir='ltr'>Claudianiiadicet.</span> <span class='ocrx_word' id='word_1_126' title='bbox 496 1462 571 1513; x_wconf 84' lang='lat' dir='ltr'>Idem.</span> <span class='ocrx_word' id='word_1_127' title='bbox 777 1465 824 1509; x_wconf 92' lang='grc'>321</span> <span class='ocrx_word' id='word_1_128' title='bbox 841 1457 953 1523; x_wconf 79' lang='lat' dir='ltr'>Aquilae]</span> <span class='ocrx_word' id='word_1_129' title='bbox 986 1458 1160 1521; x_wconf 82' lang='lat' dir='ltr'>congressum</span> <span class='ocrx_word' id='word_1_130' title='bbox 1184 1456 1272 1505; x_wconf 89' lang='lat' dir='ltr'>milita·</span> 
     </span>
    </p>

    <p class='ocr_par' dir='ltr' id='par_1_9' title="bbox 165 1530 1276 2052">
     <span class='ocr_line' id='line_1_16' title="bbox 212 1530 1274 1599; baseline -0.006 -13"><span class='ocrx_word' id='word_1_131' title='bbox 212 1537 317 1586; x_wconf 79' lang='lat' dir='ltr'>Rettulit</span> <span class='ocrx_word' id='word_1_132' title='bbox 336 1537 431 1586; x_wconf 72' lang='lat' dir='ltr'>tortiles</span> <span class='ocrx_word' id='word_1_133' title='bbox 452 1537 555 1599; x_wconf 80' lang='lat' dir='ltr'>animos]</span> <span class='ocrx_word' id='word_1_134' title='bbox 596 1537 709 1585; x_wconf 83' lang='lat' dir='ltr'>Rettudit</span> <span class='ocrx_word' id='word_1_135' title='bbox 747 1552 809 1587; x_wconf 88' lang='lat' dir='ltr'>rem.</span> <span class='ocrx_word' id='word_1_136' title='bbox 842 1534 1007 1585; x_wconf 84' lang='lat' dir='ltr'>Illatioeuim</span> <span class='ocrx_word' id='word_1_137' title='bbox 1023 1535 1166 1597; x_wconf 76' lang='lat' dir='ltr'>signorum,</span> <span class='ocrx_word' id='word_1_138' title='bbox 1179 1530 1274 1581; x_wconf 78' lang='lat' dir='ltr'>conflic-</span> 
     </span>
     <span class='ocr_line' id='line_1_17' title="bbox 178 1613 905 1676; baseline 0 -14"><span class='ocrx_word' id='word_1_139' title='bbox 178 1626 240 1662; x_wconf 79' lang='lat' dir='ltr'>rere</span> <span class='ocrx_word' id='word_1_140' title='bbox 252 1619 313 1662; x_wconf 92' lang='lat' dir='ltr'>octo</span> <span class='ocrx_word' id='word_1_141' title='bbox 332 1613 408 1662; x_wconf 86' lang='lat' dir='ltr'>libri:</span> <span class='ocrx_word' id='word_1_142' title='bbox 426 1613 495 1676; x_wconf 90' lang='lat' dir='ltr'>quod</span> <span class='ocrx_word' id='word_1_143' title='bbox 515 1621 542 1660; x_wconf 94' lang='lat' dir='ltr'>et</span> <span class='ocrx_word' id='word_1_144' title='bbox 561 1613 671 1661; x_wconf 89' lang='lat' dir='ltr'>Bartbio</span> <span class='ocrx_word' id='word_1_145' title='bbox 682 1613 709 1660; x_wconf 92' lang='lat' dir='ltr'>in</span> <span class='ocrx_word' id='word_1_146' title='bbox 747 1622 799 1663; x_wconf 86' lang='lat' dir='ltr'>tus.</span> <span class='ocrx_word' id='word_1_147' title='bbox 815 1613 905 1662; x_wconf 81' lang='lat' dir='ltr'>Burtlr.</span> 
     </span>
     <span class='ocr_line' id='line_1_18' title="bbox 179 1683 1273 1748; baseline -0.005 -12"><span class='ocrx_word' id='word_1_148' title='bbox 179 1695 295 1737; x_wconf 84' lang='lat' dir='ltr'>meatem</span> <span class='ocrx_word' id='word_1_149' title='bbox 316 1687 403 1746; x_wconf 83' lang='lat' dir='ltr'>veuit;</span> <span class='ocrx_word' id='word_1_150' title='bbox 432 1687 479 1735; x_wconf 88' lang='lat' dir='ltr'>sed</span> <span class='ocrx_word' id='word_1_151' title='bbox 501 1688 569 1736; x_wconf 88' lang='lat' dir='ltr'>curis</span> <span class='ocrx_word' id='word_1_152' title='bbox 591 1688 709 1736; x_wconf 87' lang='lat' dir='ltr'>secundis</span> <span class='ocrx_word' id='word_1_153' title='bbox 791 1693 840 1737; x_wconf 88' lang='grc'>322</span> <span class='ocrx_word' id='word_1_154' title='bbox 865 1688 954 1737; x_wconf 83' lang='lat' dir='ltr'>Saucia</span> <span class='ocrx_word' id='word_1_155' title='bbox 980 1686 1076 1748; x_wconf 77' lang='lat' dir='ltr'>liuidus]</span> <span class='ocrx_word' id='word_1_156' title='bbox 1110 1683 1273 1735; x_wconf 87' lang='lat' dir='ltr'>Verberibus.</span> 
     </span>
     <span class='ocr_line' id='line_1_19' title="bbox 182 1759 1274 1828; baseline -0.006 -15"><span class='ocrx_word' id='word_1_157' title='bbox 182 1777 320 1828; x_wconf 72' lang='lat' dir='ltr'>perperam</span> <span class='ocrx_word' id='word_1_158' title='bbox 343 1764 480 1812; x_wconf 86' lang='lat' dir='ltr'>damnasse</span> <span class='ocrx_word' id='word_1_159' title='bbox 503 1765 572 1813; x_wconf 86' lang='lat' dir='ltr'>visus</span> <span class='ocrx_word' id='word_1_160' title='bbox 591 1771 640 1825; x_wconf 86' lang='lat' dir='ltr'>est,</span> <span class='ocrx_word' id='word_1_161' title='bbox 653 1780 711 1813; x_wconf 92' lang='lat' dir='ltr'>cum</span> <span class='ocrx_word' id='word_1_162' title='bbox 749 1765 917 1828; x_wconf 78' lang='lat' dir='ltr'>Plangentes,</span> <span class='ocrx_word' id='word_1_163' title='bbox 941 1778 986 1812; x_wconf 86' lang='lat' dir='ltr'>ora</span> <span class='ocrx_word' id='word_1_164' title='bbox 1012 1762 1105 1825; x_wconf 84' lang='lat' dir='ltr'>pugnis</span> <span class='ocrx_word' id='word_1_165' title='bbox 1122 1759 1274 1809; x_wconf 85' lang='lat' dir='ltr'>obverbera-</span> 
     </span>
     <span class='ocr_line' id='line_1_20' title="bbox 165 1839 921 1902; baseline 0.004 -16"><span class='ocrx_word' id='word_1_166' title='bbox 165 1839 363 1902; x_wconf 84' lang='lat' dir='ltr'>ejusillicuon</span> <span class='ocrx_word' id='word_1_167' title='bbox 383 1839 545 1888; x_wconf 80' lang='lat' dir='ltr'>meminerit:</span> <span class='ocrx_word' id='word_1_168' title='bbox 564 1841 607 1889; x_wconf 90' lang='lat' dir='ltr'>alii</span> <span class='ocrx_word' id='word_1_169' title='bbox 627 1841 711 1890; x_wconf 85' lang='lat' dir='ltr'>aliter.</span> <span class='ocrx_word' id='word_1_170' title='bbox 749 1841 820 1890; x_wconf 88' lang='lat' dir='ltr'>bant.</span> <span class='ocrx_word' id='word_1_171' title='bbox 847 1842 921 1889; x_wconf 90' lang='lat' dir='ltr'>Idem.</span> 
     </span>
     <span class='ocr_line' id='line_1_21' title="bbox 166 1910 1276 1986; baseline -0.005 -23"><span class='ocrx_word' id='word_1_172' title='bbox 166 1915 276 1963; x_wconf 61' lang='lat' dir='ltr'>raram</span> <span class='ocrx_word' id='word_1_173' title='bbox 300 1915 379 1964; x_wconf 90' lang='lat' dir='ltr'>etiam</span> <span class='ocrx_word' id='word_1_174' title='bbox 404 1914 505 1964; x_wconf 71' lang='lat' dir='ltr'>Structo</span> <span class='ocrx_word' id='word_1_175' title='bbox 533 1916 644 1967; x_wconf 88' lang='lat' dir='ltr'>Palatio.</span> <span class='ocrx_word' id='word_1_176' title='bbox 676 1917 712 1965; x_wconf 88' lang='lat' dir='ltr'>D.</span> <span class='ocrx_word' id='word_1_177' title='bbox 780 1919 828 1965; x_wconf 90' lang='grc'>323</span> <span class='ocrx_word' id='word_1_178' title='bbox 846 1913 944 1986; x_wconf 71' lang='lat' dir='ltr'>[uturp</span> <span class='ocrx_word' id='word_1_179' title='bbox 966 1914 1059 1974; x_wconf 74' lang='lat' dir='ltr'>agaim</span> <span class='ocrx_word' id='word_1_180' title='bbox 1081 1910 1170 1973; x_wconf 77' lang='lat' dir='ltr'>morie]</span> <span class='ocrx_word' id='word_1_181' title='bbox 1204 1911 1276 1959; x_wconf 90' lang='lat' dir='ltr'>Inuu-</span> 
     </span>
     <span class='ocr_line' id='line_1_22' title="bbox 184 1985 1276 2052; baseline -0.004 -14"><span class='ocrx_word' id='word_1_182' title='bbox 184 1989 271 2039; x_wconf 77' lang='lat' dir='ltr'>Heisr.</span> <span class='ocrx_word' id='word_1_183' title='bbox 749 1991 823 2052; x_wconf 88' lang='lat' dir='ltr'>meri,</span> <span class='ocrx_word' id='word_1_184' title='bbox 835 1990 902 2039; x_wconf 88' lang='lat' dir='ltr'>male</span> <span class='ocrx_word' id='word_1_185' title='bbox 912 1988 1052 2038; x_wconf 83' lang='lat' dir='ltr'>habentem</span> <span class='ocrx_word' id='word_1_186' title='bbox 1064 1987 1179 2037; x_wconf 89' lang='lat' dir='ltr'>animum</span> <span class='ocrx_word' id='word_1_187' title='bbox 1189 1985 1276 2036; x_wconf 89' lang='lat' dir='ltr'>secuti.</span> 
     </span>
    </p>

    <p class='ocr_par' dir='ltr' id='par_1_10' title="bbox 183 2065 1280 2276">
     <span class='ocr_line' id='line_1_23' title="bbox 215 2065 827 2128; baseline 0.007 -16"><span class='ocrx_word' id='word_1_188' title='bbox 215 2067 263 2112; x_wconf 90' lang='grc'>303</span> <span class='ocrx_word' id='word_1_189' title='bbox 283 2065 432 2128; x_wconf 65' lang='lat' dir='ltr'>transferre]</span> <span class='ocrx_word' id='word_1_190' title='bbox 451 2067 528 2114; x_wconf 90' lang='lat' dir='ltr'>Ullra</span> <span class='ocrx_word' id='word_1_191' title='bbox 542 2065 666 2127; x_wconf 80' lang='lat' dir='ltr'>fluvium3</span> <span class='ocrx_word' id='word_1_192' title='bbox 684 2072 714 2115; x_wconf 91' lang='lat' dir='ltr'>ut</span> <span class='ocrx_word' id='word_1_193' title='bbox 750 2067 827 2116; x_wconf 86' lang='lat' dir='ltr'>Idem.</span> 
     </span>
     <span class='ocr_line' id='line_1_24' title="bbox 183 2137 1279 2204; baseline -0.004 -16"><span class='ocrx_word' id='word_1_194' title='bbox 183 2139 206 2189; x_wconf 85' lang='lat' dir='ltr'>is</span> <span class='ocrx_word' id='word_1_195' title='bbox 217 2155 265 2204; x_wconf 89' lang='lat' dir='ltr'>pro</span> <span class='ocrx_word' id='word_1_196' title='bbox 282 2155 355 2191; x_wconf 91' lang='lat' dir='ltr'>muro</span> <span class='ocrx_word' id='word_1_197' title='bbox 367 2142 474 2190; x_wconf 80' lang='lat' dir='ltr'>Romam</span> <span class='ocrx_word' id='word_1_198' title='bbox 485 2141 519 2191; x_wconf 89' lang='lat' dir='ltr'>ab</span> <span class='ocrx_word' id='word_1_199' title='bbox 534 2142 640 2192; x_wconf 84' lang='lat' dir='ltr'>Alarico</span> <span class='ocrx_word' id='word_1_200' title='bbox 658 2149 713 2192; x_wconf 90' lang='lat' dir='ltr'>tue·</span> <span class='ocrx_word' id='word_1_201' title='bbox 784 2146 832 2189; x_wconf 83' lang='grc'>324</span> <span class='ocrx_word' id='word_1_202' title='bbox 849 2141 982 2190; x_wconf 78' lang='lat' dir='ltr'>Lustralem</span> <span class='ocrx_word' id='word_1_203' title='bbox 991 2140 1025 2187; x_wconf 79' lang='lat' dir='ltr'>sic</span> <span class='ocrx_word' id='word_1_204' title='bbox 1037 2138 1207 2201; x_wconf 84' lang='lat' dir='ltr'>tristefocem]</span> <span class='ocrx_word' id='word_1_205' title='bbox 1219 2137 1279 2186; x_wconf 83' lang='lat' dir='ltr'>Saue</span> 
     </span>
     <span class='ocr_line' id='line_1_25' title="bbox 183 2210 1280 2276; baseline -0.005 -10"><span class='ocrx_word' id='word_1_206' title='bbox 183 2224 266 2267; x_wconf 88' lang='lat' dir='ltr'>retur.</span> <span class='ocrx_word' id='word_1_207' title='bbox 282 2217 371 2267; x_wconf 75' lang='lat' dir='ltr'>Barth.</span> <span class='ocrx_word' id='word_1_208' title='bbox 752 2217 827 2265; x_wconf 84' lang='lat' dir='ltr'>triste</span> <span class='ocrx_word' id='word_1_209' title='bbox 838 2216 894 2264; x_wconf 89' lang='lat' dir='ltr'>visu</span> <span class='ocrx_word' id='word_1_210' title='bbox 910 2216 970 2276; x_wconf 88' lang='lat' dir='ltr'>boe,</span> <span class='ocrx_word' id='word_1_211' title='bbox 980 2221 1009 2262; x_wconf 90' lang='lat' dir='ltr'>ut</span> <span class='ocrx_word' id='word_1_212' title='bbox 1020 2215 1147 2262; x_wconf 83' lang='lat' dir='ltr'>hacteuus</span> <span class='ocrx_word' id='word_1_213' title='bbox 1158 2210 1280 2274; x_wconf 77' lang='lat' dir='ltr'>descripti</span> 
     </span>
    </p>

    <p class='ocr_par' dir='ltr' id='par_1_11' title="bbox 168 2289 1282 2581">
     <span class='ocr_line' id='line_1_26' title="bbox 217 2289 1280 2353; baseline -0.008 -10"><span class='ocrx_word' id='word_1_214' title='bbox 217 2297 264 2344; x_wconf 83' lang='grc'>305</span> <span class='ocrx_word' id='word_1_215' title='bbox 286 2293 416 2344; x_wconf 79' lang='lat' dir='ltr'>Violentior</span> <span class='ocrx_word' id='word_1_216' title='bbox 435 2294 509 2343; x_wconf 86' lang='lat' dir='ltr'>armis</span> <span class='ocrx_word' id='word_1_217' title='bbox 532 2295 647 2343; x_wconf 85' lang='lat' dir='ltr'>Omnibus</span> <span class='ocrx_word' id='word_1_218' title='bbox 669 2297 713 2343; x_wconf 88' lang='lat' dir='ltr'>cte·</span> <span class='ocrx_word' id='word_1_219' title='bbox 752 2289 849 2339; x_wconf 86' lang='lat' dir='ltr'>Alarici</span> <span class='ocrx_word' id='word_1_220' title='bbox 861 2290 1038 2353; x_wconf 87' lang='lat' dir='ltr'>spectaculum</span> <span class='ocrx_word' id='word_1_221' title='bbox 1047 2304 1107 2338; x_wconf 92' lang='lat' dir='ltr'>cum</span> <span class='ocrx_word' id='word_1_222' title='bbox 1116 2289 1222 2352; x_wconf 80' lang='lat' dir='ltr'>agmine</span> <span class='ocrx_word' id='word_1_223' title='bbox 1231 2293 1280 2338; x_wconf 89' lang='lat' dir='ltr'>toto</span> 
     </span>
     <span class='ocr_line' id='line_1_27' title="bbox 168 2364 910 2432; baseline -0.004 -14"><span class='ocrx_word' id='word_1_224' title='bbox 168 2368 284 2432; x_wconf 75' lang='lat' dir='ltr'>mertia]</span> <span class='ocrx_word' id='word_1_225' title='bbox 309 2369 454 2419; x_wconf 85' lang='lat' dir='ltr'>Clementia</span> <span class='ocrx_word' id='word_1_226' title='bbox 466 2377 551 2418; x_wconf 76' lang='lat' dir='ltr'>erstem</span> <span class='ocrx_word' id='word_1_227' title='bbox 572 2371 623 2419; x_wconf 87' lang='lat' dir='ltr'>ista</span> <span class='ocrx_word' id='word_1_228' title='bbox 642 2385 714 2419; x_wconf 88' lang='lat' dir='ltr'>secu·</span> <span class='ocrx_word' id='word_1_229' title='bbox 752 2364 910 2415; x_wconf 88' lang='lat' dir='ltr'>morborum.</span> 
     </span>
     <span class='ocr_line' id='line_1_28' title="bbox 170 2440 1282 2508; baseline -0.005 -16"><span class='ocrx_word' id='word_1_230' title='bbox 170 2458 243 2493; x_wconf 76' lang='lat' dir='ltr'>rum</span> <span class='ocrx_word' id='word_1_231' title='bbox 261 2442 363 2494; x_wconf 81' lang='lat' dir='ltr'>fecerat</span> <span class='ocrx_word' id='word_1_232' title='bbox 381 2445 481 2494; x_wconf 90' lang='lat' dir='ltr'>hostem</span> <span class='ocrx_word' id='word_1_233' title='bbox 493 2451 521 2493; x_wconf 94' lang='lat' dir='ltr'>et</span> <span class='ocrx_word' id='word_1_234' title='bbox 541 2440 718 2508; x_wconf 85' lang='lat' dir='ltr'>opportunum</span> <span class='ocrx_word' id='word_1_235' title='bbox 785 2443 918 2491; x_wconf 75' lang='lat' dir='ltr'>Lustralem</span> <span class='ocrx_word' id='word_1_236' title='bbox 926 2440 1018 2504; x_wconf 78' lang='lat' dir='ltr'>jarem]</span> <span class='ocrx_word' id='word_1_237' title='bbox 1035 2442 1118 2492; x_wconf 84' lang='lat' dir='ltr'>Quam</span> <span class='ocrx_word' id='word_1_238' title='bbox 1131 2440 1232 2489; x_wconf 89' lang='lat' dir='ltr'>circum</span> <span class='ocrx_word' id='word_1_239' title='bbox 1243 2452 1282 2488; x_wconf 86' lang='lat' dir='ltr'>ex·</span> 
     </span>
     <span class='ocr_line' id='line_1_29' title="bbox 185 2513 1282 2581; baseline -0.004 -16"><span class='ocrx_word' id='word_1_240' title='bbox 185 2517 262 2567; x_wconf 88' lang='lat' dir='ltr'>cladi.</span> <span class='ocrx_word' id='word_1_241' title='bbox 280 2518 356 2566; x_wconf 77' lang='lat' dir='ltr'>idern.</span> <span class='ocrx_word' id='word_1_242' title='bbox 754 2517 873 2581; x_wconf 91' lang='lat' dir='ltr'>piandum</span> <span class='ocrx_word' id='word_1_243' title='bbox 893 2517 947 2565; x_wconf 84' lang='lat' dir='ltr'>sive</span> <span class='ocrx_word' id='word_1_244' title='bbox 964 2513 1124 2564; x_wconf 88' lang='lat' dir='ltr'>lustrandum</span> <span class='ocrx_word' id='word_1_245' title='bbox 1148 2514 1282 2574; x_wconf 85' lang='lat' dir='ltr'>homiuem,</span> 
     </span>
    </p>

    <p class='ocr_par' dir='ltr' id='par_1_12' title="bbox 182 2590 1284 2878">
     <span class='ocr_line' id='line_1_30' title="bbox 217 2590 1283 2656; baseline -0.002 -17"><span class='ocrx_word' id='word_1_246' title='bbox 217 2596 267 2640; x_wconf 89' lang='grc'>300</span> <span class='ocrx_word' id='word_1_247' title='bbox 285 2592 426 2655; x_wconf 74' lang='lat' dir='ltr'>Expugnat]</span> <span class='ocrx_word' id='word_1_248' title='bbox 437 2593 715 2656; x_wconf 87' lang='lat' dir='ltr'>Securitatequodam·</span> <span class='ocrx_word' id='word_1_249' title='bbox 754 2595 804 2643; x_wconf 88' lang='lat' dir='ltr'>rite</span> <span class='ocrx_word' id='word_1_250' title='bbox 821 2592 977 2652; x_wconf 87' lang='lat' dir='ltr'>confectam,</span> <span class='ocrx_word' id='word_1_251' title='bbox 998 2592 1025 2640; x_wconf 88' lang='lat' dir='ltr'>iu</span> <span class='ocrx_word' id='word_1_252' title='bbox 1044 2590 1134 2639; x_wconf 90' lang='lat' dir='ltr'>orbem</span> <span class='ocrx_word' id='word_1_253' title='bbox 1153 2593 1283 2639; x_wconf 84' lang='lat' dir='ltr'>rotaverat</span> 
     </span>
     <span class='ocr_line' id='line_1_31' title="bbox 186 2663 1282 2732; baseline -0.002 -18"><span class='ocrx_word' id='word_1_254' title='bbox 186 2666 399 2715; x_wconf 87' lang='lat' dir='ltr'>modoexemtam</span> <span class='ocrx_word' id='word_1_255' title='bbox 409 2667 512 2716; x_wconf 85' lang='lat' dir='ltr'>virtutis</span> <span class='ocrx_word' id='word_1_256' title='bbox 525 2670 618 2718; x_wconf 85' lang='lat' dir='ltr'>tenori.</span> <span class='ocrx_word' id='word_1_257' title='bbox 641 2670 716 2720; x_wconf 89' lang='lat' dir='ltr'>Idem.</span> <span class='ocrx_word' id='word_1_258' title='bbox 755 2669 862 2718; x_wconf 85' lang='lat' dir='ltr'>antistes</span> <span class='ocrx_word' id='word_1_259' title='bbox 874 2668 987 2732; x_wconf 87' lang='lat' dir='ltr'>Operis;</span> <span class='ocrx_word' id='word_1_260' title='bbox 1005 2681 1060 2715; x_wconf 88' lang='lat' dir='ltr'>eam</span> <span class='ocrx_word' id='word_1_261' title='bbox 1071 2663 1158 2714; x_wconf 87' lang='lat' dir='ltr'>facem</span> <span class='ocrx_word' id='word_1_262' title='bbox 1176 2664 1282 2713; x_wconf 80' lang='lat' dir='ltr'>reversim</span> 
     </span>
     <span class='ocr_line' id='line_1_32' title="bbox 182 2739 1283 2807; baseline -0.002 -20"><span class='ocrx_word' id='word_1_263' title='bbox 182 2776 187 2785; x_wconf 84' lang='lat'><em>.</em></span> <span class='ocrx_word' id='word_1_264' title='bbox 220 2743 268 2795; x_wconf 77' lang='grc'>301</span> <span class='ocrx_word' id='word_1_265' title='bbox 286 2740 391 2789; x_wconf 80' lang='lat' dir='ltr'>Gravior</span> <span class='ocrx_word' id='word_1_266' title='bbox 400 2740 442 2789; x_wconf 86' lang='lat' dir='ltr'>sub</span> <span class='ocrx_word' id='word_1_267' title='bbox 461 2756 517 2803; x_wconf 84' lang='lat' dir='ltr'>pace</span> <span class='ocrx_word' id='word_1_268' title='bbox 535 2743 604 2806; x_wconf 84' lang='lat' dir='ltr'>latet]</span> <span class='ocrx_word' id='word_1_269' title='bbox 624 2744 717 2794; x_wconf 86' lang='lat' dir='ltr'>Caveri</span> <span class='ocrx_word' id='word_1_270' title='bbox 756 2748 827 2793; x_wconf 90' lang='lat' dir='ltr'>trans</span> <span class='ocrx_word' id='word_1_271' title='bbox 839 2750 919 2807; x_wconf 87' lang='lat' dir='ltr'>caput</span> <span class='ocrx_word' id='word_1_272' title='bbox 935 2740 1084 2806; x_wconf 88' lang='lat' dir='ltr'>abjiciebat,</span> <span class='ocrx_word' id='word_1_273' title='bbox 1094 2740 1201 2802; x_wconf 91' lang='lat' dir='ltr'>piacula</span> <span class='ocrx_word' id='word_1_274' title='bbox 1220 2739 1283 2788; x_wconf 89' lang='lat' dir='ltr'>scili·</span> 
     </span>
     <span class='ocr_line' id='line_1_33' title="bbox 187 2808 1284 2878; baseline -0.002 -15"><span class='ocrx_word' id='word_1_275' title='bbox 187 2808 429 2878; x_wconf 73' lang='lat' dir='ltr'>nempedifficilior.</span> <span class='ocrx_word' id='word_1_276' title='bbox 446 2816 519 2865; x_wconf 82' lang='lat' dir='ltr'>Idem.</span> <span class='ocrx_word' id='word_1_277' title='bbox 755 2826 800 2869; x_wconf 87' lang='lat' dir='ltr'>cet</span> <span class='ocrx_word' id='word_1_278' title='bbox 820 2834 906 2868; x_wconf 90' lang='lat' dir='ltr'>secum</span> <span class='ocrx_word' id='word_1_279' title='bbox 930 2817 1017 2867; x_wconf 87' lang='lat' dir='ltr'>omnia</span> <span class='ocrx_word' id='word_1_280' title='bbox 1038 2816 1193 2864; x_wconf 78' lang='lat' dir='ltr'>ablaturum,</span> <span class='ocrx_word' id='word_1_281' title='bbox 1235 2813 1284 2864; x_wconf 89' lang='lat' dir='ltr'>Cir·</span> 
     </span>
    </p>

    <p class='ocr_par' dir='ltr' id='par_1_13' title="bbox 187 2890 1285 3022">
     <span class='ocr_line' id='line_1_34' title="bbox 220 2890 1285 2958; baseline -0.002 -19"><span class='ocrx_word' id='word_1_282' title='bbox 220 2893 269 2940; x_wconf 83' lang='grc'>308</span> <span class='ocrx_word' id='word_1_283' title='bbox 286 2890 369 2954; x_wconf 81' lang='lat' dir='ltr'>Ferro]</span> <span class='ocrx_word' id='word_1_284' title='bbox 393 2890 519 2943; x_wconf 84' lang='lat' dir='ltr'>Omnibus</span> <span class='ocrx_word' id='word_1_285' title='bbox 531 2893 651 2943; x_wconf 83' lang='lat' dir='ltr'>srrbsidiis</span> <span class='ocrx_word' id='word_1_286' title='bbox 661 2909 718 2958; x_wconf 93' lang='lat' dir='ltr'>spo·</span> <span class='ocrx_word' id='word_1_287' title='bbox 756 2895 889 2944; x_wconf 89' lang='lat' dir='ltr'>cumibaut</span> <span class='ocrx_word' id='word_1_288' title='bbox 899 2908 958 2943; x_wconf 91' lang='lat' dir='ltr'>cum</span> <span class='ocrx_word' id='word_1_289' title='bbox 970 2891 1028 2942; x_wconf 83' lang='lat' dir='ltr'>sace</span> <span class='ocrx_word' id='word_1_290' title='bbox 1038 2892 1100 2941; x_wconf 85' lang='lat' dir='ltr'>tella</span> <span class='ocrx_word' id='word_1_291' title='bbox 1112 2890 1167 2939; x_wconf 82' lang='lat' dir='ltr'>sive</span> <span class='ocrx_word' id='word_1_292' title='bbox 1180 2901 1285 2952; x_wconf 80' lang='lat' dir='ltr'>corpora</span> 
     </span>
     <span class='ocr_line' id='line_1_35' title="bbox 187 2965 995 3022; baseline 0.006 -8"><span class='ocrx_word' id='word_1_293' title='bbox 187 2965 258 3016; x_wconf 83' lang='lat' dir='ltr'>liuto.</span> <span class='ocrx_word' id='word_1_294' title='bbox 276 2968 352 3016; x_wconf 83' lang='lat' dir='ltr'>Idem.</span> <span class='ocrx_word' id='word_1_295' title='bbox 757 2973 811 3022; x_wconf 86' lang='lat' dir='ltr'>sive</span> <span class='ocrx_word' id='word_1_296' title='bbox 823 2973 888 3021; x_wconf 86' lang='lat' dir='ltr'>loca.</span> <span class='ocrx_word' id='word_1_297' title='bbox 905 2970 995 3020; x_wconf 77' lang='lat' dir='ltr'>Barth.</span> 
     </span>
    </p>

    <p class='ocr_par' dir='ltr' id='par_1_14' title="bbox 162 3040 1289 3396">
     <span class='ocr_line' id='line_1_36' title="bbox 220 3040 1287 3108; baseline -0.003 -17"><span class='ocrx_word' id='word_1_298' title='bbox 220 3047 269 3092; x_wconf 88' lang='grc'>300</span> <span class='ocrx_word' id='word_1_299' title='bbox 286 3043 443 3092; x_wconf 79' lang='lat' dir='ltr'>Consiliamre</span> <span class='ocrx_word' id='word_1_300' title='bbox 457 3043 537 3106; x_wconf 83' lang='lat' dir='ltr'>ferat]</span> <span class='ocrx_word' id='word_1_301' title='bbox 570 3045 647 3094; x_wconf 83' lang='lat' dir='ltr'>Dabit</span> <span class='ocrx_word' id='word_1_302' title='bbox 669 3046 718 3108; x_wconf 90' lang='lat' dir='ltr'>pri.</span> <span class='ocrx_word' id='word_1_303' title='bbox 789 3047 923 3095; x_wconf 73' lang='lat' dir='ltr'>Lustralem</span> <span class='ocrx_word' id='word_1_304' title='bbox 943 3045 978 3093; x_wconf 86' lang='lat' dir='ltr'>ric</span> <span class='ocrx_word' id='word_1_305' title='bbox 996 3045 1066 3093; x_wconf 83' lang='lat' dir='ltr'>triste</span> <span class='ocrx_word' id='word_1_306' title='bbox 1080 3041 1175 3104; x_wconf 80' lang='lat' dir='ltr'>saorra]</span> <span class='ocrx_word' id='word_1_307' title='bbox 1193 3040 1287 3090; x_wconf 80' lang='lat' dir='ltr'>Sirrr&#39;tt</span> 
     </span>
     <span class='ocr_line' id='line_1_37' title="bbox 187 3116 1287 3187; baseline -0.001 -22"><span class='ocrx_word' id='word_1_308' title='bbox 187 3116 386 3179; x_wconf 66' lang='lat' dir='ltr'>variarumque</span> <span class='ocrx_word' id='word_1_309' title='bbox 404 3119 487 3167; x_wconf 83' lang='lat' dir='ltr'>multi.</span> <span class='ocrx_word' id='word_1_310' title='bbox 520 3119 605 3169; x_wconf 89' lang='lat' dir='ltr'>Iidem</span> <span class='ocrx_word' id='word_1_311' title='bbox 623 3124 720 3170; x_wconf 85' lang='lat' dir='ltr'>moxO</span> <span class='ocrx_word' id='word_1_312' title='bbox 757 3122 832 3187; x_wconf 90' lang='lat' dir='ltr'>prim.</span> <span class='ocrx_word' id='word_1_313' title='bbox 851 3121 938 3169; x_wconf 87' lang='lat' dir='ltr'>vatic.</span> <span class='ocrx_word' id='word_1_314' title='bbox 958 3119 1040 3168; x_wconf 87' lang='lat' dir='ltr'>Oisel.</span> <span class='ocrx_word' id='word_1_315' title='bbox 1052 3124 1080 3167; x_wconf 90' lang='lat' dir='ltr'>et</span> <span class='ocrx_word' id='word_1_316' title='bbox 1098 3123 1213 3182; x_wconf 87' lang='lat' dir='ltr'>quatuor</span> <span class='ocrx_word' id='word_1_317' title='bbox 1230 3116 1287 3174; x_wconf 86' lang='lat' dir='ltr'>alii;</span> 
     </span>
     <span class='ocr_line' id='line_1_38' title="bbox 188 3191 1286 3260; baseline -0.002 -20"><span class='ocrx_word' id='word_1_318' title='bbox 188 3194 289 3253; x_wconf 83' lang='lat' dir='ltr'>utinam,</span> <span class='ocrx_word' id='word_1_319' title='bbox 301 3205 362 3254; x_wconf 87' lang='lat' dir='ltr'>nou,</span> <span class='ocrx_word' id='word_1_320' title='bbox 372 3197 442 3254; x_wconf 85' lang='lat' dir='ltr'>atque</span> <span class='ocrx_word' id='word_1_321' title='bbox 451 3194 549 3242; x_wconf 80' lang='lat' dir='ltr'>utinam.</span> <span class='ocrx_word' id='word_1_322' title='bbox 583 3196 618 3244; x_wconf 88' lang='lat' dir='ltr'>D.</span> <span class='ocrx_word' id='word_1_323' title='bbox 630 3197 722 3246; x_wconf 87' lang='lat' dir='ltr'>Heius.</span> <span class='ocrx_word' id='word_1_324' title='bbox 757 3197 864 3260; x_wconf 88' lang='lat' dir='ltr'>optime.</span> <span class='ocrx_word' id='word_1_325' title='bbox 883 3194 942 3243; x_wconf 89' lang='lat' dir='ltr'>Val.</span> <span class='ocrx_word' id='word_1_326' title='bbox 951 3194 1060 3242; x_wconf 81' lang='lat' dir='ltr'>Flaccus</span> <span class='ocrx_word' id='word_1_327' title='bbox 1072 3191 1098 3240; x_wconf 88' lang='lat' dir='ltr'>iu</span> <span class='ocrx_word' id='word_1_328' title='bbox 1110 3191 1286 3254; x_wconf 78' lang='lat' dir='ltr'>descriptione</span> 
     </span>
     <span class='ocr_line' id='line_1_39' title="bbox 162 3262 1287 3332; baseline -0.001 -18"><span class='ocrx_word' id='word_1_329' title='bbox 162 3280 164 3284; x_wconf 55' lang='lat'><strong><em>⁴</em></strong></span> <span class='ocrx_word' id='word_1_330' title='bbox 223 3269 271 3314; x_wconf 83' lang='grc'>310</span> <span class='ocrx_word' id='word_1_331' title='bbox 287 3265 368 3328; x_wconf 80' lang='lat' dir='ltr'>Atque</span> <span class='ocrx_word' id='word_1_332' title='bbox 379 3266 483 3328; x_wconf 82' lang='lat' dir='ltr'>utinam]</span> <span class='ocrx_word' id='word_1_333' title='bbox 500 3267 626 3318; x_wconf 78' lang='lat' dir='ltr'>collectio</span> <span class='ocrx_word' id='word_1_334' title='bbox 637 3271 662 3318; x_wconf 90' lang='lat' dir='ltr'>in</span> <span class='ocrx_word' id='word_1_335' title='bbox 673 3269 722 3319; x_wconf 86' lang='lat' dir='ltr'>ira·</span> <span class='ocrx_word' id='word_1_336' title='bbox 757 3272 873 3322; x_wconf 85' lang='lat' dir='ltr'>lustralis</span> <span class='ocrx_word' id='word_1_337' title='bbox 888 3269 964 3332; x_wconf 86' lang='lat' dir='ltr'>sacri,</span> <span class='ocrx_word' id='word_1_338' title='bbox 983 3268 1064 3316; x_wconf 85' lang='lat' dir='ltr'>‘Rite</span> <span class='ocrx_word' id='word_1_339' title='bbox 1076 3268 1147 3315; x_wconf 84' lang='lat' dir='ltr'>locat</span> <span class='ocrx_word' id='word_1_340' title='bbox 1159 3262 1287 3330; x_wconf 68' lang='lat' dir='ltr'>quercus?</span> 
     </span>
     <span class='ocr_line' id='line_1_40' title="bbox 191 3339 1289 3396; baseline -0.01 2"><span class='ocrx_word' id='word_1_341' title='bbox 191 3339 310 3389; x_wconf 58' lang='lat' dir='ltr'>cundiam</span> <span class='ocrx_word' id='word_1_342' title='bbox 322 3339 408 3391; x_wconf 71' lang='lat' dir='ltr'>animi·</span> <span class='ocrx_word' id='word_1_343' title='bbox 759 3347 843 3396; x_wconf 86' lang='lat' dir='ltr'>Miror</span> <span class='ocrx_word' id='word_1_344' title='bbox 859 3343 944 3393; x_wconf 86' lang='lat' dir='ltr'>virum</span> <span class='ocrx_word' id='word_1_345' title='bbox 964 3356 1088 3391; x_wconf 89' lang='lat' dir='ltr'>summum</span> <span class='ocrx_word' id='word_1_346' title='bbox 1107 3341 1226 3390; x_wconf 87' lang='lat' dir='ltr'>Isaacum</span> <span class='ocrx_word' id='word_1_347' title='bbox 1243 3340 1289 3388; x_wconf 90' lang='lat' dir='ltr'>Ca·</span> 
     </span>
    </p>

    <p class='ocr_par' dir='ltr' id='par_1_15' title="bbox 190 3415 1290 3560">
     <span class='ocr_line' id='line_1_41' title="bbox 224 3415 1289 3483; baseline -0.002 -18"><span class='ocrx_word' id='word_1_348' title='bbox 224 3417 326 3465; x_wconf 76' lang='lat' dir='ltr'>Cunctos</span> <span class='ocrx_word' id='word_1_349' title='bbox 335 3415 442 3478; x_wconf 77' lang='lat' dir='ltr'>perdere]</span> <span class='ocrx_word' id='word_1_350' title='bbox 465 3416 607 3468; x_wconf 81' lang='lat' dir='ltr'>Universos</span> <span class='ocrx_word' id='word_1_351' title='bbox 618 3419 722 3470; x_wconf 87' lang='lat' dir='ltr'>amitte·</span> <span class='ocrx_word' id='word_1_352' title='bbox 758 3420 957 3483; x_wconf 88' lang='lat' dir='ltr'>saubouum‚qul</span> <span class='ocrx_word' id='word_1_353' title='bbox 967 3417 999 3466; x_wconf 90' lang='lat' dir='ltr'>ad</span> <span class='ocrx_word' id='word_1_354' title='bbox 1006 3416 1179 3480; x_wconf 82' lang='lat' dir='ltr'>Theophrasti</span> <span class='ocrx_word' id='word_1_355' title='bbox 1186 3416 1289 3464; x_wconf 89' lang='lat' dir='ltr'>cbarac·</span> 
     </span>
     <span class='ocr_line' id='line_1_42' title="bbox 190 3489 1290 3560; baseline -0.008 -14"><span class='ocrx_word' id='word_1_356' title='bbox 190 3505 230 3540; x_wconf 73' lang='lat'>10·</span> <span class='ocrx_word' id='word_1_357' title='bbox 245 3492 336 3540; x_wconf 61' lang='lat' dir='ltr'><em>Barth·</em></span> <span class='ocrx_word' id='word_1_358' title='bbox 671 3518 674 3523; x_wconf 87' lang='lat'><strong>·</strong></span> <span class='ocrx_word' id='word_1_359' title='bbox 758 3503 842 3547; x_wconf 84' lang='lat' dir='ltr'>terem</span> <span class='ocrx_word' id='word_1_360' title='bbox 855 3496 908 3560; x_wconf 79' lang='grc' dir='ltr'>περὶ</span> <span class='ocrx_word' id='word_1_361' title='bbox 925 3490 1101 3552; x_wconf 77' lang='grc' dir='ltr'><strong><em>δεισιδαιμονίας</em></strong></span> <span class='ocrx_word' id='word_1_362' title='bbox 1115 3489 1290 3541; x_wconf 82' lang='lat' dir='ltr'>multaerudi·</span> 
     </span>
    </p>

    <p class='ocr_par' dir='ltr' id='par_1_16' title="bbox 223 3567 1290 3636">
     <span class='ocr_line' id='line_1_43' title="bbox 223 3567 1290 3636; baseline -0.003 -20"><span class='ocrx_word' id='word_1_363' title='bbox 223 3571 272 3616; x_wconf 92' lang='grc'>312</span> <span class='ocrx_word' id='word_1_364' title='bbox 289 3568 534 3630; x_wconf 83' lang='lat' dir='ltr'>Desiartessemeus]</span> <span class='ocrx_word' id='word_1_365' title='bbox 562 3569 658 3618; x_wconf 83' lang='lat' dir='ltr'>Desinit</span> <span class='ocrx_word' id='word_1_366' title='bbox 669 3569 722 3633; x_wconf 90' lang='lat' dir='ltr'>ple·</span> <span class='ocrx_word' id='word_1_367' title='bbox 760 3579 796 3636; x_wconf 89' lang='lat' dir='ltr'>te,</span> <span class='ocrx_word' id='word_1_368' title='bbox 815 3579 844 3622; x_wconf 92' lang='lat' dir='ltr'>ut</span> <span class='ocrx_word' id='word_1_369' title='bbox 863 3574 938 3632; x_wconf 90' lang='lat' dir='ltr'>solet,</span> <span class='ocrx_word' id='word_1_370' title='bbox 958 3570 991 3618; x_wconf 91' lang='lat' dir='ltr'>de</span> <span class='ocrx_word' id='word_1_371' title='bbox 1014 3567 1212 3616; x_wconf 86' lang='lat' dir='ltr'>lustrationibus</span> <span class='ocrx_word' id='word_1_372' title='bbox 1233 3579 1290 3614; x_wconf 91' lang='lat' dir='ltr'>cou-</span> 
     </span>
    </p>
   </div>
   <div class='ocr_carea' id='block_1_3' title="bbox 179 3639 1299 4163">
    <p class='ocr_par' dir='ltr' id='par_1_17' title="bbox 179 3639 1299 4163">
     <span class='ocr_line' id='line_1_44' title="bbox 190 3639 1292 3712; baseline -0.018 -4"><span class='ocrx_word' id='word_1_373' title='bbox 190 3642 280 3706; x_wconf 67' lang='lat' dir='ltr'>fiq¹¹⁰²</span> <span class='ocrx_word' id='word_1_374' title='bbox 299 3643 410 3706; x_wconf 62' lang='lat' dir='ltr'>qumque</span> <span class='ocrx_word' id='word_1_375' title='bbox 421 3643 501 3691; x_wconf 48' lang='lat' dir='ltr'>dedii·</span> <span class='ocrx_word' id='word_1_376' title='bbox 519 3642 631 3706; x_wconf 61' lang='lat' dir='ltr'>vulgat·</span> <span class='ocrx_word' id='word_1_377' title='bbox 641 3645 723 3708; x_wconf 66' lang='grc'>0001)·</span> <span class='ocrx_word' id='word_1_378' title='bbox 761 3649 851 3712; x_wconf 83' lang='lat' dir='ltr'>gessit,</span> <span class='ocrx_word' id='word_1_379' title='bbox 862 3648 910 3696; x_wconf 89' lang='lat' dir='ltr'>lmc</span> <span class='ocrx_word' id='word_1_380' title='bbox 929 3646 1005 3695; x_wconf 89' lang='lat' dir='ltr'>etiam</span> <span class='ocrx_word' id='word_1_381' title='bbox 1023 3644 1082 3692; x_wconf 92' lang='lat' dir='ltr'>loco</span> <span class='ocrx_word' id='word_1_382' title='bbox 1093 3642 1220 3703; x_wconf 88' lang='lat' dir='ltr'>adducto,</span> <span class='ocrx_word' id='word_1_383' title='bbox 1231 3639 1292 3688; x_wconf 87' lang='lat' dir='ltr'>nibil</span> 
     </span>
     <span class='ocr_line' id='line_1_45' title="bbox 191 3717 1292 3783; baseline -0.003 -16"><span class='ocrx_word' id='word_1_384' title='bbox 191 3724 250 3768; x_wconf 89' lang='lat' dir='ltr'>tura</span> <span class='ocrx_word' id='word_1_385' title='bbox 271 3718 352 3780; x_wconf 88' lang='lat' dir='ltr'>proba</span> <span class='ocrx_word' id='word_1_386' title='bbox 372 3724 421 3766; x_wconf 90' lang='lat' dir='ltr'>est.</span> <span class='ocrx_word' id='word_1_387' title='bbox 454 3717 553 3768; x_wconf 83' lang='lat' dir='ltr'>Auctor</span> <span class='ocrx_word' id='word_1_388' title='bbox 574 3719 673 3782; x_wconf 73' lang='lat' dir='ltr'>Elegia</span> <span class='ocrx_word' id='word_1_389' title='bbox 695 3719 722 3768; x_wconf 88' lang='lat' dir='ltr'>in</span> <span class='ocrx_word' id='word_1_390' title='bbox 759 3724 793 3773; x_wconf 90' lang='lat' dir='ltr'>de</span> <span class='ocrx_word' id='word_1_391' title='bbox 805 3721 898 3772; x_wconf 87' lang='lat' dir='ltr'>mendo</span> <span class='ocrx_word' id='word_1_392' title='bbox 909 3721 1067 3783; x_wconf 76' lang='lat' dir='ltr'>suspicatum</span> <span class='ocrx_word' id='word_1_393' title='bbox 1080 3730 1153 3766; x_wconf 80' lang='lat' dir='ltr'>esse:</span> <span class='ocrx_word' id='word_1_394' title='bbox 1171 3717 1219 3765; x_wconf 90' lang='lat' dir='ltr'>sed</span> <span class='ocrx_word' id='word_1_395' title='bbox 1231 3717 1292 3764; x_wconf 87' lang='lat' dir='ltr'>Bar-</span> 
     </span>
     <span class='ocr_line' id='line_1_46' title="bbox 192 3792 1293 3859; baseline -0.006 -13"><span class='ocrx_word' id='word_1_396' title='bbox 192 3793 292 3846; x_wconf 88' lang='lat' dir='ltr'>obitum</span> <span class='ocrx_word' id='word_1_397' title='bbox 315 3794 481 3844; x_wconf 79' lang='lat' dir='ltr'>macenaria:</span> <span class='ocrx_word' id='word_1_398' title='bbox 509 3795 588 3845; x_wconf 86' lang='lat' dir='ltr'>‘Nec</span> <span class='ocrx_word' id='word_1_399' title='bbox 611 3797 659 3846; x_wconf 87' lang='lat' dir='ltr'>tibi</span> <span class='ocrx_word' id='word_1_400' title='bbox 679 3798 723 3859; x_wconf 88' lang='lat' dir='ltr'>qui</span> <span class='ocrx_word' id='word_1_401' title='bbox 761 3800 814 3848; x_wconf 86' lang='lat' dir='ltr'>tlrio</span> <span class='ocrx_word' id='word_1_402' title='bbox 837 3799 918 3847; x_wconf 89' lang='lat' dir='ltr'>miuus</span> <span class='ocrx_word' id='word_1_403' title='bbox 948 3793 1143 3859; x_wconf 86' lang='lat' dir='ltr'>ignoscendum,</span> <span class='ocrx_word' id='word_1_404' title='bbox 1166 3792 1213 3855; x_wconf 88' lang='lat' dir='ltr'>qui</span> <span class='ocrx_word' id='word_1_405' title='bbox 1234 3803 1293 3840; x_wconf 87' lang='lat' dir='ltr'>cum</span> 
     </span>
     <span class='ocr_line' id='line_1_47' title="bbox 179 3863 1295 3937; baseline -0.007 -16"><span class='ocrx_word' id='word_1_406' title='bbox 179 3871 301 3937; x_wconf 63' lang='lat' dir='ltr'>vmoritur</span> <span class='ocrx_word' id='word_1_407' title='bbox 323 3868 418 3918; x_wconf 89' lang='lat' dir='ltr'>desinit</span> <span class='ocrx_word' id='word_1_408' title='bbox 440 3884 497 3918; x_wconf 89' lang='lat' dir='ltr'>esse</span> <span class='ocrx_word' id='word_1_409' title='bbox 520 3871 596 3920; x_wconf 71' lang='lat' dir='ltr'>tuus!</span> <span class='ocrx_word' id='word_1_410' title='bbox 631 3873 722 3920; x_wconf 86' lang='lat' dir='ltr'>Paullo</span> <span class='ocrx_word' id='word_1_411' title='bbox 760 3875 826 3922; x_wconf 89' lang='lat' dir='ltr'>hauc</span> <span class='ocrx_word' id='word_1_412' title='bbox 845 3873 999 3935; x_wconf 89' lang='lat' dir='ltr'>scripturam</span> <span class='ocrx_word' id='word_1_413' title='bbox 1018 3871 1045 3917; x_wconf 88' lang='lat' dir='ltr'>in</span> <span class='ocrx_word' id='word_1_414' title='bbox 1062 3867 1220 3917; x_wconf 85' lang='lat' dir='ltr'>Cluveriana</span> <span class='ocrx_word' id='word_1_415' title='bbox 1241 3863 1295 3913; x_wconf 86' lang='lat' dir='ltr'>edi·</span> 
     </span>
     <span class='ocr_line' id='line_1_48' title="bbox 179 3942 1295 4010; baseline -0.004 -15"><span class='ocrx_word' id='word_1_416' title='bbox 179 3952 254 4001; x_wconf 78' lang='lat' dir='ltr'>,ante</span> <span class='ocrx_word' id='word_1_417' title='bbox 265 3951 334 4009; x_wconf 78' lang='lat' dir='ltr'>utque</span> <span class='ocrx_word' id='word_1_418' title='bbox 345 3946 436 3994; x_wconf 85' lang='lat' dir='ltr'>utinam</span> <span class='ocrx_word' id='word_1_419' title='bbox 455 3947 558 4008; x_wconf 81' lang='lat' dir='ltr'>meritas,</span> <span class='ocrx_word' id='word_1_420' title='bbox 570 3961 619 3994; x_wconf 88' lang='lat' dir='ltr'>uon</span> <span class='ocrx_word' id='word_1_421' title='bbox 630 3951 724 3994; x_wconf 80' lang='lat' dir='ltr'>cunctos</span> <span class='ocrx_word' id='word_1_422' title='bbox 761 3949 833 3998; x_wconf 86' lang='lat' dir='ltr'>tione</span> <span class='ocrx_word' id='word_1_423' title='bbox 855 3947 1005 4010; x_wconf 88' lang='lat' dir='ltr'>reperisset,</span> <span class='ocrx_word' id='word_1_424' title='bbox 1028 3942 1194 3992; x_wconf 52' lang='lat' dir='ltr'>cammaris</span> <span class='ocrx_word' id='word_1_425' title='bbox 1216 3955 1295 3991; x_wconf 90' lang='lat' dir='ltr'>mem·</span> 
     </span>
     <span class='ocr_line' id='line_1_49' title="bbox 181 4017 1297 4081; baseline -0.004 -10"><span class='ocrx_word' id='word_1_426' title='bbox 181 4019 441 4081; x_wconf 49' lang='lat' dir='ltr'>,Helmaestadiensia</span> <span class='ocrx_word' id='word_1_427' title='bbox 462 4021 497 4070; x_wconf 89' lang='lat' dir='ltr'>D.</span> <span class='ocrx_word' id='word_1_428' title='bbox 508 4020 594 4071; x_wconf 82' lang='lat' dir='ltr'>Heius.</span> <span class='ocrx_word' id='word_1_429' title='bbox 760 4021 848 4072; x_wconf 88' lang='lat' dir='ltr'>branis</span> <span class='ocrx_word' id='word_1_430' title='bbox 857 4020 924 4070; x_wconf 90' lang='lat' dir='ltr'>baud</span> <span class='ocrx_word' id='word_1_431' title='bbox 941 4019 1020 4068; x_wconf 87' lang='lat' dir='ltr'>dubie</span> <span class='ocrx_word' id='word_1_432' title='bbox 1037 4019 1231 4081; x_wconf 83' lang='lat' dir='ltr'>depromptam,</span> <span class='ocrx_word' id='word_1_433' title='bbox 1242 4017 1297 4068; x_wconf 83' lang='lat' dir='ltr'>vul·</span> 
     </span>
     <span class='ocr_line' id='line_1_50' title="bbox 194 4092 1299 4163; baseline -0.004 -16"><span class='ocrx_word' id='word_1_434' title='bbox 194 4155 196 4159; x_wconf 67' lang='lat'>,</span> <span class='ocrx_word' id='word_1_435' title='bbox 226 4100 276 4147; x_wconf 75' lang='lat' dir='ltr'>tlt</span> <span class='ocrx_word' id='word_1_436' title='bbox 295 4097 365 4148; x_wconf 83' lang='lat' dir='ltr'>Victa</span> <span class='ocrx_word' id='word_1_437' title='bbox 381 4097 475 4161; x_wconf 77' lang='lat' dir='ltr'>marus]</span> <span class='ocrx_word' id='word_1_438' title='bbox 501 4099 628 4153; x_wconf 81' lang='lat' dir='ltr'>Queritur</span> <span class='ocrx_word' id='word_1_439' title='bbox 645 4100 725 4151; x_wconf 87' lang='lat' dir='ltr'>nemi·</span> <span class='ocrx_word' id='word_1_440' title='bbox 761 4094 1095 4163; x_wconf 69' lang='lat' dir='ltr'>mtamtameulectiouem</span> <span class='ocrx_word' id='word_1_441' title='bbox 1112 4092 1299 4145; x_wconf 83' lang='lat' dir='ltr'>mordleurar·</span> 
     </span>
    </p>
   </div>
   <div class='ocr_carea' id='block_1_4' title="bbox 0 0 1361 4696">
    <p class='ocr_par' dir='ltr' id='par_1_18' title="bbox 0 0 1361 4696">
     <span class='ocr_line' id='line_1_51' title="bbox 0 0 1361 4696; baseline 0 0"><span class='ocrx_word' id='word_1_442' title='bbox 0 0 1361 4696; x_wconf 95' lang='lat' dir='ltr'> </span> 
     </span>
    </p>
   </div>
  </div>
 </body>
</html>
