2662 4696
133 296 215 364 1632
271 311 380 362 nora
406 313 607 364 vsnronuu
631 314 670 362 ru
696 317 751 364 en.
767 285 916 368 ‘cesum
940 317 1092 368 xxxrrr.

128 457 294 506 inelementia
306 456 474 519 intelligatur.
507 455 571 504 Mox
584 456 657 520 Cory·
695 471 726 505 eo
737 457 908 507 interversus:
926 473 983 508 esse
995 464 1023 509 et
1034 459 1061 508 in
1075 460 1142 510 locis
1154 462 1233 510 borri-

126 539 163 582 tos
175 534 293 582 meliores
305 533 406 596 scripti.
425 535 461 580 D.
474 533 560 580 Heius.
695 534 735 583 dis
754 535 804 583 illis
823 541 850 584 et
868 535 1012 585 tenebrosis
1024 537 1110 585 viriles
1127 538 1231 600 animos,

159 613 190 656 84
210 609 346 670 Oretum]
362 609 568 671 Virgilius‚l.1v.
586 609 657 656 ‘'l'er
695 618 722 657 et
733 610 811 658 robur
823 611 848 658 in
860 612 945 659 armis.
964 612 1039 659 Idem.
1152 608 1158 612 ”

126 690 230 732 centum
242 691 314 732 tonat
324 697 369 733 ore
380 684 469 732 Deos!
727 685 770 733 Sic
787 685 852 734 robis
869 687 1031 748 maiestras]
1056 687 1125 736 Haec
1144 694 1173 737 et
1192 703 1229 738 se·

159 760 235 809 Sileni
246 760 330 822 Atrio]
346 760 384 808 Ut
395 759 462 809 Jove
473 759 594 823 loquente
606 773 656 806 coe-
695 762 1066 825 quentiascriptisdebemus;
1093 780 1152 827 qnae
1163 779 1232 814 ntem

125 835 187 885 lum.
203 836 293 885 Burtl.
694 839 755 886 dose
776 839 852 900 vulgo
870 840 1007 901 leguntur:
1034 840 1102 888 vidit
1122 848 1151 889 et
1166 842 1227 892 Bar·

157 914 188 959 86
202 912 289 973 Ingens
299 910 409 973 duriter]
427 908 565 958 Cerberus.
581 910 656 959 Idem.
695 913 771 961 thius.
789 914 822 962 D.
835 914 920 962 Heius.

157 992 189 1036 86
205 989 373 1051 Lacrymurum
383 987 464 1049 ferite]
480 986 596 1036 Allnsum
609 989 657 1038 Co·
725 993 756 1036 95
775 988 882 1037 Fortuna
894 991 962 1055 tulit]
977 992 1031 1039 Pro
1043 990 1163 1043 abstulit.
1173 984 1224 1041 vrr-

124 1065 310 1128 cytiEtymon.
328 1064 402 1111 Idem.
693 1065 738 1126 gil.
755 1063 1029 1116 ‘Omniafertaetas'
1062 1067 1107 1116 Sic
1122 1067 1222 1117 ruberet

156 1144 187 1189 87
201 1140 289 1189 Tacitis
295 1139 415 1202 Acheron]
425 1138 530 1203 Alioqui
541 1155 556 1188 a
569 1141 655 1203 planc-
692 1155 757 1188 armo
769 1141 809 1189 lric
822 1156 902 1204 prope
914 1143 1013 1190 eaedem
1026 1157 1068 1191 res
1079 1149 1149 1193 sunt.
1177 1143 1222 1193 lie·

124 1216 192 1266 tibus
204 1224 230 1265 et
240 1217 352 1280 querelis
362 1215 515 1265 nominetur.
542 1216 580 1265 Ut
593 1232 654 1266 vero
692 1217 779 1279 sperit
790 1216 858 1265 sorte
877 1217 910 1266 ad
931 1217 993 1266 illud
1010 1218 1133 1269 Juvenal.
1151 1219 1220 1283 ‘spo-

122 1293 148 1341 bi
160 1291 278 1341 Acheron
298 1299 326 1341 et
346 1292 460 1356 Cocytus
471 1306 531 1340 vere
549 1290 655 1342 flumina
691 1294 760 1343 listis
771 1308 842 1343 arma
854 1294 1011 1357 supersunt!

123 1374 191 1426 snut,
202 1368 240 1417 sic
251 1374 279 1418 et
290 1368 362 1432 Styx.
380 1366 454 1416 Idem.
723 1375 756 1419 96
773 1371 853 1433 Rapta
862 1370 924 1432 dier]
943 1371 1018 1419 Diem
1031 1372 1219 1433 comparatione

154 1448 187 1494 89
214 1445 321 1507 Tegeaee]
350 1444 488 1494 Notissima
512 1445 653 1508 appellatio
691 1444 831 1494 inferorum
843 1446 935 1495 Poiitae
954 1444 1220 1510 dicuntquicquidil·

121 1520 254 1570 Mercurii.
272 1521 388 1571 Statius:
413 1522 421 1548 ‘
433 1522 468 1570 Et
487 1521 518 1570 de
532 1523 653 1572 Maenalia
691 1524 774 1572 lorum
785 1538 836 1572 non
846 1528 896 1583 est,
906 1515 1029 1587 quicquid
1042 1523 1156 1572 subsuta
1167 1532 1211 1574 est.

122 1596 226 1644 volucer
237 1597 393 1660 Tegeaticus
402 1597 508 1645 umbra!
722 1598 843 1660 docentes]
868 1598 1097 1662 Desperabundos,
1114 1600 1220 1648 animum

156 1672 280 1720 Commune
285 1672 409 1734 pmfundia
418 1673 451 1720 Et
459 1672 550 1734 raperis
558 1672 653 1735 numera]
690 1671 891 1738 despondentes.
908 1674 995 1724 Barth.

122 1747 216 1796 Usibus
236 1747 368 1796 amborum
389 1747 437 1796 bac
459 1755 486 1796 et
506 1748 564 1796 illac
584 1764 652 1798 com·
722 1754 753 1798 97
781 1750 891 1813 Cyclopis
907 1748 965 1812 telo]
990 1748 1072 1798 Arma
1088 1764 1147 1813 quaa
1163 1747 1218 1801 Jori

120 1837 216 1872 means.
249 1822 388 1872 Horatius:
405 1822 524 1885 ‘superis
535 1824 653 1872 Deorum
690 1823 882 1875 fabricabantur
894 1826 1031 1890 Cyclopes.
1059 1826 1180 1875 Fulmina
1189 1825 1220 1874 ni·

121 1898 218 1947 Gratus
230 1904 257 1946 ct
267 1897 343 1946 imis!
359 1898 447 1947 Bortb.
690 1901 789 1951 mirum.
806 1903 882 1951 Idem.
1172 1897 1175 1900 ⁴

153 1977 185 2022 90
202 1973 263 2036 Fas]
279 1973 399 2036 Projure
419 1972 492 2022 fandi
514 1989 559 2023 sen
577 1975 653 2040 copia
722 1982 754 2026 98
771 1975 928 2039 Stringimas]
946 1978 1006 2026 Duo
1017 1976 1218 2040 veteressporgi·

119 2049 159 2098 iric
171 2049 347 2099 diciridetur.
366 2051 458 2099 Closer.
689 2066 748 2100 mus.
774 2052 852 2102 Ovid.
872 2053 1005 2102 Fertur.
1027 2053 1117 2102 ‘Ecce
1138 2054 1219 2101 Deum

151 2130 182 2175 91
209 2126 280 2176 Facis
297 2126 433 2175 commercia
454 2129 549 2192 mundo]
574 2128 651 2176 Ultro
690 2128 791 2189 genitor
811 2128 900 2177 rutilas
929 2142 975 2190 per
996 2127 1086 2177 nubila
1106 2126 1218 2178 flammas

119 2203 235 2268 citroque
246 2205 350 2268 negotia
359 2203 532 2266 expedinndo.
553 2205 642 2253 Bartlr.
689 2202 810 2264 Spargit?
827 2204 892 2252 Mox
903 2217 949 2266 pro
960 2217 1032 2251 eom
1042 2201 1124 2265 eiras,
1136 2205 1218 2268 legen·

151 2281 217 2329 921
243 2281 328 2328 celeres
345 2281 476 2344 praescinde
503 2281 580 2343 notos]
608 2283 650 2330 Sic
690 2278 837 2340 damnares,
854 2279 1062 2342 quodsecundus
1080 2281 1218 2329 Vaticanus

118 2354 213 2420 isingr.
234 2362 261 2405 et
279 2357 426 2406 Cluverius:
443 2357 533 2406 caeteri
553 2358 653 2405 maie!
690 2353 841 2403 confirmat:
870 2353 953 2403 codex
980 2353 1119 2415 Pomponii
1147 2353 1219 2413 Lati,

117 2434 178 2482 celer
188 2439 227 2491 et‚·
243 2441 269 2482 et
282 2449 342 2482 sane
360 2434 501 2496 elegantius
515 2433 544 2481 rb
555 2441 578 2482 et
590 2434 649 2482 sub·
688 2445 747 2478 oeno
759 2431 849 2478 tonitru
859 2431 989 2479 deludimus
1003 2444 1081 2479 naras.
1116 2430 1218 2492 Virgilii

117 2508 280 2569 intelligitur,
292 2509 419 2572 quomodo
431 2509 581 2573 frequenter
592 2513 649 2560 Sta·
687 2505 732 2552 illa
742 2505 889 2568 0⁰gii³bfli=
907 2508 959 2552 ‘³¹¹
976 2510 1012 2562 ier
1033 2505 1147 2566 genliffl',
1163 2519 1217 2555 cum

118 2582 182 2631 tius:
201 2589 231 2630 ut
246 2584 348 2631 omnino
370 2583 521 2645 existimem,
540 2585 585 2633 lib.
599 2601 648 2636 vn,
687 2577 794 2627 fulmina
806 2587 921 2643 torques,
941 2578 1122 2641 Nequicquam
1135 2579 1219 2627 borra-

116 2655 196 2704 Tlreb.
209 2657 356 2719 legendum:
370 2656 386 2702 I
394 2658 494 2705 medium
503 2660 585 2720 rapido
598 2661 647 2708 Bo.
687 2668 754 2714 mus,
765 2655 880 2717 caecique
892 2655 918 2703 in
930 2654 1039 2703 nubibus
1051 2655 1124 2717 ignes
1135 2655 1219 2704 Terri-

116 2747 173 2779 rema
187 2732 313 2794 pretabere
333 2733 406 2787 solim·
431 2746 480 2781 non
500 2735 648 2798 Romamque
686 2730 881 2791 ficantanimos‚
891 2740 918 2779 et
929 2731 1014 2779 inania
1023 2745 1156 2779 murmura
1164 2733 1218 2782 mis·

116 2810 219 2859 elabere:
236 2817 324 2858 noster
337 2808 403 2858 infra
416 2811 647 2863 l.rrr.‘lllac010.
686 2818 745 2857 cent
754 2809 770 2859 ,θ’
787 2809 907 2872 isingriui
920 2816 992 2859 certe
1004 2811 1088 2859 codex
1100 2814 1219 2862 oauuslro-

116 2894 172 2936 rato
190 2886 313 2950 zephyros
326 2886 455 2949 pralapsa
473 2886 586 2935 rolatrr:’
603 2889 646 2937 lib.
684 2886 773 2934 minum
790 2886 920 2934 deludimus
936 2901 1017 2935 aur-err
1033 2888 1071 2935 sic
1088 2888 1216 2938 ‘stolidas

115 2963 338 3027 v111.‘Sedqnid
359 2977 408 3025 ego
419 2963 494 3011 haec?
519 2964 542 3026 l,
554 2964 646 3012 'l'arta-
684 2960 768 3008 aures’
789 2961 946 3010 Prudentius
969 2962 1035 3009 dixit
1057 2962 1217 3026 Apotheosis

115 3054 172 3089 reas
184 3041 306 3088 ulciscere
320 3039 403 3101 sedes,
414 3039 568 3102 Tisiphone?
582 3041 646 3089 Pru.
684 3044 712 3086 et
725 3037 936 3099 Haruartigenia:
949 3037 1080 3086 ‘Auditus
1093 3036 1156 3087 felix
1168 3045 1216 3088 sto·

114 3114 187 3163 dent.
212 3114 361 3174 Peristeplr.
383 3116 500 3175 passione
519 3115 643 3176 Agnetis:
683 3113 736 3161 lida
748 3122 884 3162 conservet
895 3115 927 3163 ab
939 3113 1024 3162 aure?
1046 3114 1084 3163 itu
1095 3117 1217 3179 antiquis·

113 3190 146 3238 ‘1
168 3189 265 3250 stringe
285 3188 391 3248 ferrum,
411 3190 507 3237 milesz'
535 3199 563 3239 et
577 3193 645 3253 Apo·
684 3190 761 3237 rimus
781 3189 957 3237 Puteanorum
977 3188 1078 3249 codex;
1094 3191 1173 3254 vulgo
1189 3190 1216 3240 ol

114 3264 212 3314 theosi:
237 3267 245 3291 ⁴
261 3263 284 3321 1,
305 3262 398 3323 scriba,
417 3264 528 3325 tripictis
548 3266 644 3327 Digere
682 3280 743 3313 erce.
761 3265 839 3314 Ovid.
856 3265 923 3313 Met.
943 3264 988 3314 lib.
1005 3278 1046 3314 ιιι.
1062 3266 1130 3314 ‘nec
1143 3281 1216 3315 aures

47 3378 50 3383 .
112 3337 268 3388 versiculis?
293 3338 643 3403 sicutroqnelocoexopti·
683 3342 828 3389 Humanam
849 3340 954 3389 stolidas
976 3341 1077 3403 patitur
1104 3342 1215 3391 retinere

112 3415 161 3465 mis
188 3414 377 3479 exemplaribus
406 3413 580 3464 scribendum.
608 3417 642 3466 D.
682 3415 808 3479 figurst
825 3417 860 3465 D.
870 3416 954 3464 Haisa.

113 3491 200 3541 Heius.
346 3516 348 3520 ·
717 3491 814 3540 Tonitru
826 3492 958 3540 deludimus
972 3489 1051 3552 cares]
1069 3491 1215 3554 Exprobra-

144 3567 162 3616 Ι
178 3569 238 3616 celer
257 3573 281 3616 et
296 3568 420 3631 proscinde
439 3566 526 3627 Notos]
549 3568 643 3618 Statia-
681 3567 719 3615 tio
730 3568 867 3616 iracundiae
884 3576 930 3616 ant
940 3566 1033 3629 fastus,
1044 3583 1120 3630 quam
1133 3568 1215 3618 dictat

112 3656 180 3691 rrum.
199 3643 276 3691 Theb.
296 3657 315 3691 1.
344 3645 504 3692 ‘Portantcs
523 3644 642 3705 praecede
681 3644 840 3692 inconsultus
858 3643 945 3692 fervor
962 3643 1012 3691 alia
1028 3644 1113 3694 omnia
1134 3644 1168 3695 de
1187 3659 1213 3693 re

111 3725 194 3780 notos,
205 3718 321 3781 Cyllenia
333 3718 435 3782 proles?
456 3720 545 3768 Bartlr.
680 3719 781 3768 scienti.
799 3719 888 3767 Bartlr.

143 3798 175 3842 94
192 3794 222 3842 Si
232 3794 379 3842 nodisnodis
390 3795 462 3856 sires]
478 3797 548 3858 Lege
559 3795 641 3844 sicne·
711 3800 744 3844 99
772 3795 847 3844 Grati
868 3795 973 3858 luminis]
1001 3795 1071 3847 Quid
1094 3796 1164 3846 enim
1182 3811 1217 3847 oo.

110 3869 146 3919 bis
157 3873 228 3919 noxio
238 3871 306 3920 eires.
335 3871 377 3920 lta
387 3872 447 3918 nibil
458 3871 542 3924 deerit
553 3872 585 3920 ad
600 3879 640 3935 ty·
678 3872 793 3935 gratius?
813 3873 887 3920 Idem.
1192 3868 1203 3894 ·’

109 3947 183 3994 raoni
195 3948 423 4009 expostulatoriam
435 3948 586 4009 orationem,
596 3948 640 4011 qni
713 3948 786 3995 Grati
802 3949 861 4008 quod
878 3947 971 3996 lerninis
991 3946 1087 4008 expers]
1113 3948 1212 4012 Superis

110 4035 161 4069 aon
178 4021 238 4070 ideo
254 4022 340 4084 jactat
359 4039 415 4072 sese
434 4025 531 4072 servire
551 4024 639 4072 dutum
679 4022 749 4084 prior
760 4022 873 4071 Mureti:
890 4022 1038 4084 legosuperi
1054 4023 1166 4083 luminis3
1182 4029 1211 4074 ut

110 4097 238 4159 tyrannidi
250 4097 346 4159 fratris,
358 4099 419 4162 quia
435 4101 516 4162 regno
531 4099 640 4162 coelcsti,
675 4113 785 4160 superum
796 4099 880 4146 lumen
892 4098 981 4146 lumini
991 4097 1076 4148 infero
1088 4105 1210 4162 opponat.

109 4179 139 4221 ut
151 4172 233 4222 videri
243 4171 452 4236 indignabundus
471 4175 536 4237 vult,
554 4174 588 4224 sit
604 4173 638 4224 ab
677 4170 876 4238 Virg.AEn.'v1.
901 4173 1039 4226 ‘Inclusas
1054 4175 1155 4227 animas
1169 4178 1211 4229 su?
