2662 4696
113 300 200 370 1646
258 312 368 367 nonu
391 312 595 365 remonuit
619 315 659 364 tu
683 314 742 364 or..
766 314 908 365 onnon.
932 312 1082 367 xxxiv.

111 459 238 511 hieorox.
265 460 358 509 Maro:
383 457 505 522 ‘Dejicit
519 457 647 507 Hermlui-
717 458 882 522 4⁷·Mundua]
902 459 1012 510 Coelum.
1029 460 1123 512 Barth.
1194 438 1223 484 '¹'

114 537 175 586 um!
717 540 750 584 5⁰
770 536 806 584 Tu
817 551 868 584 meo
874 536 978 599 plectro]
994 537 1055 586 Nou
1068 540 1218 604 nometip-

146 613 289 661 Numeroooo
307 611 391 672 dejicio
408 610 487 673 ortuo]
510 610 558 657 Vir
579 606 645 657 sum·
685 611 721 660 ti·
748 617 775 660 et
797 613 835 660 aie
856 612 925 661 curio
947 614 1068 662 recondis
1088 613 1222 667 Barthtui:

112 702 170 737 mua
181 702 207 736 1n
219 702 266 736 ora
286 688 346 735 libri
366 688 404 735 aui
424 701 520 735 numero
530 690 581 734 tot
604 672 648 734 eo·¹
685 687 719 737 D.
731 687 818 737 Heinn

113 765 184 814 dices
210 765 313 828 quidam
341 779 449 813 ner-ronna
468 772 496 812 et
515 763 645 812 immeritor.
717 767 750 812 62
768 763 1158 832 Plocidooduoisinorbeclioroa]
1175 769 1216 819 Sio

112 839 216 890 frustra
249 842 319 889 Sic‘
334 856 403 888 raeva
424 841 515 888 Leruae
531 845 646 888 monstro
685 839 816 903 potiores;
833 840 875 888 alu
883 840 993 903 placido
1010 843 1215 906 vulgatiplocidot

112 931 275 966 numerosum
299 915 411 976 malumss
437 915 519 978 hydra
537 916 651 963 Senecae'
684 916 839 964 dumooore
856 931 937 965 eones:
960 917 1174 968 uudeClaverins
1189 925 1215 969 et

111 992 183 1043 (lietu
196 993 313 1042 Hercule
326 994 439 1041 Furenti.
467 991 502 1041 D.
514 991 600 1041 Hune.
686 991 878 1054 Rapheleugius
905 991 992 1054 plodio
1020 1007 1061 1041 ore
1086 992 1213 1054 feceruut3

143 1072 176 1117 42
194 1069 249 1116 Non
268 1068 370 1131 cutum]
397 1067 451 1116 Alii
466 1069 582 1123 Neruam
599 1066 645 1115 aed
684 1065 791 1115 frustra.
825 1066 1213 1118 SimilialocuaestPraefatloue

112 1145 211 1196 Nessus
230 1145 298 1192 inter
327 1143 446 1193 Herculia
472 1143 573 1193 labores
594 1158 646 1192 non
685 1143 710 1191 in
728 1143 832 1206 nuptias
844 1142 945 1192 Honor.
965 1143 1006 1192 ubi
1024 1144 1214 1208 ‘Terpsichore

112 1221 295 1269 numerandus.
331 1220 383 1269 Pro
406 1220 488 1269 rubuit
508 1235 566 1269 mox
586 1234 645 1268 cnm
684 1219 775 1266 molles
795 1217 868 1266 ducit
888 1218 914 1265 in
932 1225 1007 1266 antra
1033 1219 1144 1270 choros!
1174 1220 1212 1269 De

111 1295 266 1345 membranis
277 1297 428 1360 quibusdam
439 1297 531 1345 maduit
542 1296 647 1359 Rapie-
684 1296 819 1344 Musarum
831 1294 916 1342 choris
928 1294 1025 1357 passim
1041 1295 1142 1346 Poetae.
1165 1297 1212 1347 Dt-

112 1373 230 1437 longius:
260 1375 320 1422 milii
344 1389 395 1423 nou
417 1375 568 1425 inconcinna
588 1376 645 1423 hee
684 1371 826 1421 oeream
836 1371 948 1435 elegant.
959 1370 1055 1421 Horat.
1079 1372 1157 1422 ‘Jam
1167 1372 1217 1441 Cy·¹

111 1449 645 1514 visnrepetitio,onisimileminitiohujoa
687 1447 776 1495 therea
793 1445 886 1496 elloroa
908 1445 981 1496 ducit
1000 1447 1113 1498 Venus!
1140 1447 1210 1498 ovid.
1248 1472 1250 1485 ·

627 1525 646 1564 ’-
686 1523 739 1571 ‘Et
752 1521 839 1571 Niobe
857 1520 938 1570 festos
950 1520 1031 1570 ducat
1049 1531 1078 1571 nt
1090 1523 1153 1572 orba
1161 1523 1211 1573 elio·-

111 1616 187 1652 muo:
205 1604 284 1651 aliter
295 1609 382 1650 tamen
391 1602 522 1650 Bartlrius.
542 1602 617 1650 Idem.
686 1614 728 1648 roa
739 1599 756 1660 ς’
780 1600 816 1648 sic
828 1600 927 1648 etalii:
945 1599 1076 1650 immerito
1091 1601 1208 1651 naneten-

144 1683 176 1729 lt
195 1678 306 1740 Muduit]
334 1677 484 1740 Nubigenae
502 1677 646 1726 Centauros
685 1677 783 1726 tionem
794 1677 862 1726 eurio
882 1676 1001 1727 secundis
1012 1676 1208 1727 damnavitllar·

110 1753 186 1803 θεῖοι
203 1756 335 1803 notissima
353 1768 403 1813 rer,
419 1760 448 1803 ut
460 1759 487 1802 et
506 1768 594 1803 eorum
607 1753 645 1803 fn·
685 1752 763 1814 thius,
773 1753 816 1816 qui
825 1751 913 1814 placito
923 1751 953 1800 ab
968 1767 1018 1813 ore,
1028 1753 1070 1801 vel
1080 1751 1208 1815 placituri

111 1829 187 1880 bole.
203 1830 292 1880 Burtlt.
684 1830 816 1880 oremalit.
850 1829 965 1878 Avienus
983 1829 1160 1894 descriptione
1175 1843 1207 1880 or·

143 1912 175 1956 45
190 1907 222 1954 Te
233 1906 317 1968 Libyci
326 1907 425 1955 timuere
436 1904 512 1967 sinuo]
528 1905 645 1968 Stupuere
683 1905 723 1955 bia
746 1912 882 1967 terrarum,
908 1910 916 1934 ‘
939 1905 1022 1968 Orgia
1049 1907 1168 1956 ludentea
1186 1910 1208 1955 et

110 1981 230 2032 meliores
242 1982 405 2031 membranae
433 1983 544 2030 hlamma
557 1983 644 2046 Tethye
685 1989 792 2045 pectora
821 1981 931 2031 nebride
965 1983 1045 2031 cincti
1079 1982 1207 2033 Deduxere

110 2073 163 2108 uon
182 2058 301 2107 maxim
312 2058 381 2108 Allan
395 2058 646 2108 iisdemauctoribuo
686 2059 777 2108 choros
790 2058 878 2121 hyaaei
889 2058 991 2107 ludicra
1000 2058 1091 2120 ritua
1108 2065 1136 2110 et
1146 2072 1206 2108 mox

111 2133 260 2198 legendum,
281 2134 397 2198 quamuis
418 2139 555 2197 utrumque
581 2131 646 2182 ferri
685 2131 815 2183 ‘Maeonis
834 2134 877 2183 hic
899 2134 978 2182 etiam
1003 2131 1115 2185 deducit
1144 2132 1208 2185 turba

111 2209 211 2272 poesin
238 2214 267 2258 ut
285 2209 355 2272 apud
372 2208 505 2272 Ovidium,
527 2209 592 2259 Met
615 2223 646 2260 rr
686 2208 812 2259 choreas!
827 2211 902 2259 Idem
970 2235 976 2243 ·

109 2284 174 2334 ‘Ne
191 2283 286 2334 ferar'
280 2300 305 2333 in
326 2300 444 2349 preceps
459 2287 557 2349 Tethys
580 2288 647 2336 solet
720 2287 889 2336 Plocitoduct'a
904 2286 933 2335 ob
949 2286 1000 2349 ore]
1022 2288 1121 2351 Vulgo,
1133 2295 1160 2337 et
1169 2287 1207 2337 Ca

110 2363 169 2426 ipra
192 2364 295 2412 vereri!
331 2363 440 2411 Maximo
459 2363 537 2412 eliam
560 2363 647 2427 Tethyn
685 2378 753 2413 mera
765 2363 909 2429 ludusque,
927 2365 1032 2428 placidoa
1048 2360 1117 2414 durio
1134 2365 1163 2414 ab
1177 2376 1209 2411 ore

109 2440 205 2501 Statio,
215 2440 297 2489 Theb.
316 2454 355 2488 rv.
374 2440 440 2488 ‘ubi
454 2441 562 2502 primum
575 2456 646 2489 max·
684 2454 760 2489 tonos.
795 2441 854 2489 Non
874 2441 965 2504 inepta
993 2440 1119 2502 lectione,
1144 2437 1209 2504 quon

111 2514 163 2564 ima
175 2517 272 2578 Tetliya
289 2515 396 2577 Impulit
412 2517 467 2563 Eoo
478 2523 645 2565 cunctantem
685 2515 774 2565 nereio
802 2531 834 2564 un
864 2530 916 2565 uon
939 2514 1078 2578 praeferam
1106 2516 1211 2578 caeteris,

109 2591 266 2655 Hyperiona
279 2599 360 2655 ponto
369 2591 385 2639 :'
407 2598 433 2639 et
445 2590 538 2641 Aolrill.
555 2594 563 2621 ‘
578 2593 646 2642 (lur-
686 2591 796 2639 Podtam
808 2592 903 2640 leniter
915 2599 942 2640 et
959 2591 1075 2641 suaviter
1090 2605 1210 2642 commen·

111 2666 166 2730 gite
183 2662 309 2714 Atlanteo
324 2681 387 2728 quos
407 2667 444 2715 illi
465 2668 576 2717 maxima
594 2670 646 2718 Te·
686 2665 798 2715 dantem.
816 2667 906 2716 Bortli.

111 2740 172 2806 thye
203 2740 369 2790 Nutrierat:’
400 2743 443 2790 ubi
465 2744 564 2807 Tethys
587 2759 645 2793 cum
720 2740 840 2803 Pluoidoa]
867 2743 1000 2792 Cluverius
1017 2757 1052 2792 ex
1067 2743 1175 2808 antiquo
1187 2742 1213 2792 li·

110 2816 213 2882 gurgite
224 2817 349 2866 Atlanteo
367 2817 543 2881 conjungitur,
562 2826 591 2868 ut
604 2820 644 2868 liic
686 2817 733 2865 bro
760 2819 826 2880 legit
853 2818 958 2880 placito.-
982 2819 1056 2883 qnasi
1082 2818 1213 2880 indicaret,

111 2909 169 2944 cum
178 2893 646 2960 Libyeotinu.nosterComul.0ly·
685 2895 863 2943 Florentinum
886 2910 902 2943 a
926 2910 963 2955 se,
986 2895 1030 2959 qui
1054 2903 1134 2946 antee
1152 2896 1212 2946 libro

110 2970 158 3020 brii
181 2971 238 3034 pari
261 2971 347 3032 modo,
370 2970 505 3035 ‘Tethyos
526 2971 645 3036 ambages
685 2968 769 3032 primo
791 2969 929 3031 placuerit,
941 2969 1003 3018 alios
1022 2969 1106 3021 libror
1125 2969 1213 3034 effingi-

111 3044 302 3112 Atlauteosque
333 3046 468 3107 receruua,'
499 3047 576 3098 dixit.
609 3046 644 3098 D.
684 3046 792 3096 tarevel
805 3045 922 3096 allicere.
940 3045 1009 3097 Clau.

112 3120 199 3170 Hem.
