2662 4696
491 335 549 383 cn.
570 334 797 384 cnrunrrnr.
1119 324 1206 391 1755

134 476 284 555 ascriptus
306 491 354 535 vr.
377 475 446 535 Kal.
470 476 539 537 lan.
561 479 599 536 A.
622 493 679 540 crs
695 494 729 542 ιο
743 495 825 539 Lxx.
856 477 1002 556 Privilegii
1015 488 1100 539 tenor
1113 479 1204 542 habet

138 581 192 633 22.
209 573 289 631 Nov.
306 587 470 630 arnnxxr:
490 570 594 630 ultime
608 572 715 650 pagina
727 590 783 636 cro
801 592 834 635 rs
851 589 964 633 nxxrr.
991 573 1038 633 Ad
1050 575 1205 638 claudiani

134 671 177 728 ·V.
192 669 230 728 C.
246 687 335 745 opera
350 666 468 726 Martini
482 667 604 726 Antonii
616 667 718 727 Delrio
730 681 819 739 notar,
835 669 909 728 ibid.
933 677 1030 738 1572.
1049 672 1204 750 Epistola,

116 808 120 821 .
137 784 203 843 qua
216 773 321 823 auctor
342 763 420 841 patri
434 758 584 823 dedicavit
605 763 743 835 libellum,
762 765 961 843 subscriptum
977 767 1097 825 Lovanii
1112 771 1148 828 A.
1164 772 1204 830 D.

140 877 189 920 ιν.
211 861 315 919 Nonas
339 859 461 918 Martias
482 876 717 922 c1nranxx11.
757 861 813 920 Hic
838 869 940 921 auctor
965 861 1132 923 estordinir
1145 884 1205 924 nar·

140 956 254 1015 minum
269 955 416 1032 majorum
431 955 571 1027 historici,
586 957 672 1033 cujus
687 957 829 1017 rationem
848 958 942 1017 reddit
963 959 991 1016 in
1014 959 1206 1037 praelatione:

141 1053 195 1130 qui
209 1053 239 1110 in
254 1071 289 1110 eo
304 1061 417 1113 tantum
433 1054 472 1112 ab
488 1054 644 1113 Heinsiano
655 1053 765 1126 differt,
777 1055 857 1133 quod
870 1055 908 1114 de
922 1054 1059 1114 laudibus
1074 1055 1119 1114 rel
1130 1056 1208 1116 Cen·

141 1150 241 1208 sulatu
270 1149 435 1208 Stilichonis
460 1150 586 1220 tertium,
614 1158 703 1209 vocat
734 1158 742 1184 ‘
767 1151 796 1209 in
821 1151 1014 1211 Consulatum
1042 1151 1203 1212 secundnm

143 1246 336 1316 Stiliclronis‚’
348 1255 377 1304 et
391 1247 513 1323 subjicit
528 1256 611 1306 sexto
622 1247 795 1307 Consulatni
811 1249 943 1308 Honorii.

106 1350 182 1404 1585
198 1343 390 1414 Plantiniana,
405 1342 558 1401 Pulmanni
584 1359 624 1401 11.
638 1362 664 1401 c.
678 1361 708 1400 n.
723 1344 767 1401 M.
783 1345 853 1402 Ant.
869 1342 981 1402 Delrio.
998 1341 1045 1404 16.
1060 1344 1213 1421 Repetitio-

141 1439 258 1516 primae.

105 1543 184 1604 1589
199 1534 373 1614 Gryphiana
389 1551 436 1597 tv.
449 1555 497 1614 ap.
517 1539 625 1596 Anton.
641 1535 820 1617 Gryphium.
838 1544 886 1596 lt.
907 1535 980 1593 Haec
994 1544 1023 1593 et
1042 1541 1127 1604 1598.
1141 1545 1211 1594 snnt

141 1650 232 1691 merae
248 1630 433 1708 repetitiones
453 1632 555 1709 primae
570 1633 668 1704 illius;
692 1653 759 1692 nam
773 1640 803 1691 et
817 1632 847 1689 in
863 1631 966 1690 ultima
988 1632 1075 1689 Petro
1096 1630 1208 1690 Crinito

143 1726 286 1788 tribuitur
300 1746 373 1785 cura
387 1734 494 1785 textus.

108 1829 186 1890 1590
209 1821 300 1880 Paris.
328 1831 431 1899 8.-ap.
455 1822 486 1880 S.
508 1823 684 1884 Colinaeum.
709 1821 856 1898 Repetitio
888 1820 991 1899 primas
1013 1821 1138 1881 Colinaei
1160 1841 1210 1882 an.

148 1925 238 1978 1530.
255 1919 299 1977 Ex
315 1919 382 1976 Cat.
399 1917 476 1976 Bibl.
491 1920 581 1977 Huhs,

109 2014 187 2084 1596
203 2012 393 2082 Plautiniana,
409 2014 560 2072 Pnlmanni
575 2031 630 2072 111.
646 2034 674 2073 c.
688 2035 719 2074 n.
733 2013 844 2083 Delrio,
856 2033 891 2072 ex
902 2013 981 2073 offic.
991 2013 1118 2073 Plautin.
1129 2014 1212 2094 apud

145 2108 207 2170 vid.
221 2119 251 2167 et
264 2108 333 2168 Joh.
350 2111 499 2168 Moretum
520 2113 611 2168 Antv.
630 2120 676 2172 12.
710 2111 782 2176 Haec
795 2110 928 2170 recensio
942 2121 1006 2171 tum
1020 2110 1077 2169 fuit
1090 2129 1211 2169 accura-

147 2204 271 2263 tissima.

108 2309 187 2369 1598
203 2301 378 2379 Gryphiana
395 2317 423 2360 v.
438 2321 486 2378 ap.
499 2304 569 2361 Ant.
586 2302 765 2380 Gryphium.
784 2312 830 2362 12.

108 2395 186 2458 1602
204 2397 292 2455 Paris.
305 2405 333 2456 A.
349 2397 393 2456 Cl.
407 2397 570 2464 Claudiani,
586 2405 682 2474 po'etre
700 2398 729 2456 in
754 2419 808 2457 suo
832 2417 935 2475 genere
957 2395 1109 2475 principis,
1123 2413 1215 2473 opera

114 2546 121 2554 .
146 2492 224 2552 serio
238 2493 404 2569 emendata,
419 2513 514 2570 neque
528 2512 587 2553 non
601 2502 698 2564 aucta,
713 2514 750 2551 err
763 2493 822 2552 fide
832 2501 904 2552 vett.
914 2491 1070 2562 Codicum,
1082 2491 1134 2568 qui
1143 2490 1213 2550 olim

146 2589 176 2649 in
204 2587 388 2659 Bibliotheca
411 2589 586 2666 anaciana.
627 2590 703 2649 Cum
727 2589 969 2650 annotationibus
995 2588 1145 2666 perpetuis
1168 2589 1215 2648 St.

142 2683 281 2751 ,Claverii
292 2684 322 2742 in
337 2703 473 2761 suprema
488 2685 577 2743 Curia
589 2684 754 2763 (Biturigis)
766 2685 922 2744 Advocati.
956 2682 1004 2742 Ad
1019 2684 1160 2743 Serenies.
1171 2682 1215 2741 di·

148 2780 284 2856 ripaeque
307 2780 423 2858 originis
446 2781 608 2859 principem
633 2782 763 2840 Franciac
791 2780 984 2859 Delphinum.
1027 2779 1152 2855 Adjecta
1167 2787 1215 2839 est

148 2876 269 2937 coronis
280 2877 421 2946 miscella,
436 2876 453 2935 J
458 2920 464 2934 .
480 2876 627 2935 Parrhasii
642 2877 762 2945 selecta,
777 2886 807 2933 et
822 2877 866 2933 M.
881 2873 1002 2932 Antonii
1016 2875 1110 2933 Delrii
1123 2883 1211 2943 notae,

148 2971 272 3047 nequid
288 2971 354 3029 lruic
368 2971 490 3029 editioni
503 2970 603 3030 deesse
619 2971 761 3030 videatur.
798 2969 925 3037 Parisiis,
941 2988 988 3044 ap.
1004 2966 1104 3026 Nicol.
1119 2970 1215 3038 Buon,

148 3069 178 3126 in
195 3077 294 3125 monte
309 3067 348 3124 D.
365 3066 467 3125 Hilarii
490 3067 545 3124 sub
565 3067 648 3142 signo
662 3067 701 3125 D.
717 3064 834 3125 Claudii
858 3080 1018 3124 nnc11.c.
1044 3064 1119 3145 priv.
1131 3065 1218 3142 regis.

149 3162 251 3222 Habet
267 3160 408 3221 Biblioth.
423 3162 568 3239 Goetting.
597 3160 828 3238 Depraesatione
843 3159 907 3218 haec
921 3159 1034 3218 delibat
1054 3161 1218 3234 Gesnernsg

152 3266 161 3289 ‘
177 3257 254 3326 Quis
268 3258 316 3315 Jn.
329 3259 493 3316 Camertem
504 3258 592 3334 digne
603 3257 774 3327 laudaverit,
784 3279 799 3316 e
810 3257 894 3334 cujus
905 3256 1043 3336 epomide
1051 3256 1118 3334 [sic,
1133 3268 1217 3334 puto,

150 3362 240 3413 vocat
253 3353 397 3412 cucullum
410 3356 441 3411 S.
457 3353 617 3428 Francisci]
628 3353 708 3432 qnod
729 3374 824 3413 rarum
836 3354 921 3413 simul
932 3355 1149 3432 acpraeclarum
1165 3363 1221 3412 est,

151 3449 202 3506 hic
228 3455 317 3526 po'eta
341 3460 467 3526 ‹luantus
492 3461 618 3526 quantus
640 3451 712 3509 rnira
735 3451 801 3508 luce
821 3459 850 3508 et
871 3450 1012 3520 candore,
1035 3449 1220 3524 quantumvis

151 3544 235 3603 senili
251 3547 426 3622 conspicuus
448 3565 477 3605 sc
502 3548 571 3605 milri
591 3548 634 3604 vel
648 3549 676 3604 in
697 3547 822 3606 transitu
835 3545 947 3604 exeruit
959 3547 976 3604 l’
1023 3543 1136 3603 Deinde
1151 3544 1220 3601 Par·

149 3642 292 3712 rlrasium,
314 3642 455 3712 Delrium,
471 3643 665 3702 l'nlrnannum
679 3642 737 3700 suis
752 3649 863 3700 mactat
876 3640 987 3718 elogiis,
1002 3640 1052 3698 sed
1075 3640 1146 3699 nihil
1160 3639 1220 3700 sin-

151 3737 255 3813 gulare
279 3745 331 3795 ant
358 3737 488 3814 ignotum
512 3737 696 3795 habentibus.
739 3738 786 3795 De
811 3736 937 3813 cujacio
953 3735 1130 3813 qniddicat,
1152 3755 1219 3793 cum

151 3851 236 3891 rarus
245 3830 310 3907 jam
335 3832 405 3891 olim
427 3832 515 3892 suerit
538 3831 624 3902 liber,
651 3850 814 3908 ponamus:
845 3841 853 3864 ¹
869 3832 944 3891 Cum
960 3832 1119 3909 praesertim
1136 3829 1224 3905 apud

150 3928 298 3987 Jacohuru
327 3929 492 4006 Cujacinm,
513 3929 604 3988 virum
632 3926 713 3988 omni
739 3927 827 3986 ruodo
855 3926 1007 3995 illustrem,
1036 3925 1133 4002 agenti
1158 3925 1218 3982 duo

150 4025 309 4088 Claudiani
322 4027 510 4107 exemplaria,
525 4028 648 4106 antiqua
661 4046 749 4090 manu
761 4034 890 4098 exarata,
904 4045 935 4086 se
949 4024 1119 4097 obtulerint,
1142 4024 1217 4084 unde
