2662 4696
204 336 226 379 Α
283 329 967 403 ’111111111111110311111111111111.’1.””
1017 334 1021 343 ’
1069 332 1155 405 1635
1230 421 1240 437 .

44 497 187 559 sistentes,
198 512 248 562 quo
256 497 358 560 Raptus
367 498 530 561 Proserpinae
543 514 586 548 ex·
624 514 689 547 naeae
698 498 802 546 numina
810 498 883 547 Divae
894 496 909 545 :’
919 501 946 547 et
954 497 1000 546 lib.
1011 511 1074 547 xrrr.
1087 499 1156 548 ‘car-

50 575 217 638 primebatur
245 575 408 636 emblemate,
437 575 526 623 addita
551 576 587 624 iu·
625 575 810 623 diturEnnaeae
830 571 1158 638 castatervicejnvenca!

10 662 13 672 ¹
51 651 203 714 scriptione.
238 663 309 698 unu.
334 665 447 700 usuum.
484 652 587 699 Mnm'ci·
624 650 716 698 Seuoc.
740 650 820 698 Herc.
840 651 903 700 Fur.
923 665 993 700 scen.
1014 665 1044 700 11.
1068 656 1156 702 aaut.

51 729 118 792 pium
130 728 234 776 Henuoe.
260 729 402 776 Columella
414 728 457 777 lib.
469 728 587 777 x.‘Cum
625 728 735 790 Dempst.

53 804 157 854 Cereris
171 805 256 866 proles
269 804 362 851 vestris
374 804 476 852 intenta
487 805 587 852 choreis
659 807 704 852 123
715 803 923 865 Lucinu]Diann:
934 803 972 852 vis
982 804 1098 867 pariendi
1107 805 1156 853 hoc

53 880 176 945 AEquoris
186 880 296 928 Hennaei
307 879 503 927 vernantialilia
514 894 588 942 carp·
625 879 695 928 idolo
707 880 871 945 intelligitur.
889 881 979 929 Barth.

54 955 105 1005 sit?
141 956 188 1024 Ita
207 955 360 1004 veterrimus
380 955 463 1003 codex
484 957 510 1002 S.
522 954 588 1004 Ger·
660 959 707 1004 124
726 954 835 1018 Viscera]
853 956 984 1004 Materna.
1001 955 1077 1005 Idem.

10 1087 23 1101 r
54 1034 130 1095 mani,
147 1034 311 1082 nonAEtaai.
335 1033 435 1081 Statius
454 1033 589 1097 sylvarum
660 1037 705 1082 125
723 1033 1031 1096 AltiorexstutMutribus]
1046 1033 1160 1097 Superat

18 1104 22 1109 ’
53 1110 142 1175 quinto
157 1109 284 1173 Epicedio
296 1109 398 1158 Patris:
415 1108 469 1158 ‘At
481 1125 526 1157 vos
536 1124 589 1157 urn-
627 1123 670 1158 eas
682 1110 857 1159 veneratione.
875 1109 948 1158 idem.

54 1185 157 1255 trarom
170 1199 246 1247 reges
258 1185 429 1249 Heunaeaque
440 1185 534 1236 Juno:'
551 1187 588 1235 sic
660 1189 708 1234 126
736 1186 893 1249 Proserpina]
918 1187 998 1247 Talis,
1027 1192 1161 1251 tantaque,

10 1267 12 1271 '
53 1261 235 1311 scribendum:
265 1261 334 1309 idem
362 1260 523 1310 Achilleidos
550 1277 589 1311 se·
628 1262 975 1329 qualisbocnomen'fitbet.
1008 1264 1051 1313 De
1063 1265 1169 1328 Etymo,

54 1338 156 1402 eundo:
174 1335 277 1399 ‘qualis
299 1337 394 1386 Siculas
417 1336 463 1386 sub
482 1337 589 1399 rupibus
627 1337 802 1400 Proserpinae,
831 1336 901 1401 quod
926 1336 1014 1403 fruges
1037 1338 1161 1388 videlicet

55 1415 139 1464 AEtuae
158 1413 257 1462 Naidas
269 1411 400 1462 Hennaeas
419 1413 488 1463 iuter
503 1413 590 1461 Diana
628 1420 698 1463 terra
719 1420 886 1476 proserpant,
906 1413 965 1464 vide
985 1415 1161 1479 Fulgentium.

55 1487 184 1552 feroxque
211 1488 299 1537 Pallas
328 1496 356 1538 et
378 1488 459 1553 Elysii
485 1489 591 1538 lucebat
628 1492 702 1540 Iden.

54 1581 149 1631 sponsa
158 1565 262 1627 tyranni
270 1565 287 1613 :’
305 1566 434 1631 quomodo
444 1566 601 1615 necesaria*
639 1584 642 1589 ·
661 1572 709 1616 127
730 1567 845 1625 Vitularia,
857 1568 908 1631 dyc]
927 1567 993 1617 Haec
1006 1567 1109 1617 videtur
1121 1583 1161 1618 sa·

56 1636 408 1709 annectioneemeudamus‚
426 1657 459 1692 ne
470 1644 552 1692 AEtnoe
564 1648 590 1691 et
629 1644 662 1694 tis
677 1644 783 1705 ,humilis
806 1642 976 1707 comparatio,
990 1643 1044 1697 ,sed
1063 1644 1172 1709 oppido'

56 1721 164 1768 AEtuoeus
176 1716 351 1782 superfluam
367 1714 502 1768 incondita
516 1733 590 1782 repe·
629 1735 705 1786 quam
719 1726 842 1780 venusta3
858 1734 942 1784 neque
952 1720 1007 1768 sine
1017 1717 1105 1769 Ovidii
1116 1734 1162 1770 ex·

55 1794 148 1844 titione
178 1807 253 1842 aures
282 1792 415 1859 *delicatas
449 1792 590 1843 offendant.
629 1798 724 1860 emplo.
743 1797 836 1845 Closer.

57 1869 157 1919 Auctor
177 1867 310 1930 Pervigilii
329 1869 455 1917 Veneris:
482 1869 591 1933 ‘Hybla
662 1878 709 1923 128
729 1874 804 1923 Toron
811 1872 908 1938 porcas]
925 1874 1009 1923 Caret
1017 1888 1110 1922 omrem
1118 1877 1165 1924 aut

56 1945 146 1996 dorum
159 1959 251 2013 rumpe
263 1952 360 2006 vestes,¹
366 1952 477 2010 quantus
489 1945 590 1994 Hennes
629 1950 708 1999 bouem
719 1950 845 2008 suminam
862 1949 1002 2012 nominare,
1021 1964 1054 1999 ue
1072 1949 1162 1999 humill

57 2035 165 2086 campus
187 2020 245 2070 est!
277 2021 310 2071 ln
329 2022 469 2071 veterrimo
488 2036 590 2085 quoque
629 2026 715 2089 aliqua
733 2040 798 2074 voce
818 2025 940 2075 carminis
960 2024 1082 2075 virtutem
1102 2040 1163 2075 con·

58 2097 170 2148 Minucii
191 2096 286 2146 Felicis
307 2097 399 2146 codice
422 2096 515 2160 Regio,
545 2095 590 2160 qui
629 2101 748 2150 taminet.
766 2101 853 2150 Bortlt.

57 2175 170 2225 Lutetiae
189 2179 285 2236 exstat,
307 2173 423 2223 Menaeis
443 2172 546 2233 ignibus,
563 2178 591 2221 et
663 2181 711 2226 129
727 2178 829 2225 Luaotoe
837 2174 1165 2239 cumacitgenniaasrontia]

57 2249 233 2314 tgresliema
244 2249 375 2311 scribitur,
393 2263 439 2312 pro
451 2248 591 2297 AEtnoeiset
630 2253 753 2302 Nondum
771 2253 874 2314 integra
893 2266 991 2300 cornua
1007 2250 1094 2301 fronte
1104 2266 1164 2315 pro·

57 2329 147 2377 [ΕΜ.
180 2326 367 2389 ApudJulium
375 2325 514 2375 Firmicum
526 2325 591 2374 libro
629 2327 712 2377 duxit.
729 2328 804 2375 idem.

58 2410 149 2454 contra
164 2409 257 2466 gentes
268 2401 334 2450 bene
347 2401 441 2464 passim
453 2416 511 2450 cum
524 2400 592 2463 aspi·
662 2408 710 2453 130
727 2403 809 2451 Pieriis
818 2401 899 2466 uanis]
926 2402 1068 2467 Virgilius:
1085 2401 1166 2453 ‘Jam

57 2478 159 2529 ratione
167 2491 218 2525 vox
228 2491 259 2525 ea
270 2475 384 2525 occurrit
392 2476 419 2523 in
429 2476 539 2538 vulgatis
547 2489 592 2523 ex·
630 2485 732 2526 matuta
741 2477 805 2537 viro,
813 2477 869 2540 jam
879 2478 962 2540 plenis
973 2477 1066 2527 nubilis
1075 2476 1167 2528 anuis.'

58 2555 230 2622 etisplsribus,
251 2554 330 2604 etiam
349 2553 419 2616 apud
439 2551 593 2613 Arnobium,
630 2553 702 2603 Alibi
713 2559 802 2602 noster
813 2558 940 2602 tumentem
949 2554 1114 2615 virginitatem
1126 2555 1166 2604 di-

57 2636 123 2688 llbro
136 2652 164 2687 v.
175 2636 215 2686 bis
227 2642 301 2684 terve
316 2634 342 2683 in
358 2632 500 2695 exemplari
511 2632 592 2695 Regio
631 2629 833 2693 cit,usructibus
842 2631 962 2680 arborum
973 2631 1088 2681 maturis.
1105 2632 1164 2682 Ple·

55 2714 106 2776 Jam
117 2712 236 2762 laudato.
269 2708 342 2759 Infra
359 2722 461 2773 quoque
479 2722 536 2756 eam
550 2721 593 2755 vo·
631 2722 686 2755 aum
699 2706 810 2769 alioquin
824 2705 894 2768 quod
910 2706 978 2768 justi
990 2713 1032 2755 est
1043 2707 1165 2769 ponderis

59 2803 113 2838 cem
124 2789 153 2837 lu
163 2788 213 2836 hoc
223 2785 348 2857 i’odmate
357 2784 436 2833 semel
446 2783 593 2846 iterumque
633 2789 677 2833 aut
689 2782 792 2845 vigoris.
811 2781 884 2829 idem.

60 2866 237 2915 restituemus.
256 2862 291 2909 D.
307 2860 389 2909 Hunc.
664 2859 723 2906 Jum
731 2856 809 2904 moiun
817 2861 868 2904 toro
878 2856 1091 2918 plenirodoleoerot
1097 2858 1167 2906 uanis

71 2935 196 3000 ‘AEtaaeoe
218 2937 312 3000 Cereri]
341 2936 392 2986 Alii
413 2937 465 3000 leg.
489 2936 594 2984 Eanoeoe.
636 2932 783 2995 Virginitas]
798 2931 841 2979 Sic
853 2931 946 2993 Virgil.
956 2944 1007 2980 vn.
1018 2931 1118 2982 AEneid.
1131 2932 1164 2982 de

60 3018 108 3069 aed
125 3017 258 3068 AEtuaeum
275 3021 362 3064 tamen
380 3013 459 3062 etiam
470 3013 595 3063 Cererem
634 3009 757 3058 Lavinia:
775 3007 852 3058 ‘Jarn
864 3013 966 3057 matura
977 3008 1101 3072 viro,jam
1111 3009 1167 3072 ple·

60 3094 120 3159 quid
131 3091 243 3143 rationis
251 3096 324 3141 vetat
332 3089 480 3151 admittere,
489 3100 596 3138 consen·
634 3085 673 3134 nis
684 3083 778 3132 nubilis
789 3081 880 3133 annis!
912 3082 1018 3133 Puellas
1029 3083 1107 3133 hasce
1119 3098 1166 3134 nu·

62 3164 597 3229 dentibustotllbrls,cumtotaproecipue
633 3161 699 3210 biles
713 3175 744 3208 uc
763 3159 935 3223 viripotentes
953 3160 1041 3210 Graeci
1060 3158 1169 3224 βαθνζῶ·

61 3244 150 3297 sieilia
171 3245 195 3292 ei
215 3236 285 3292 idolo
301 3238 384 3290 l’nerit
402 3239 597 3290 addictissimai
634 3255 687 3287 roos
696 3236 838 3300 appellant.
855 3236 933 3286 Pind.
945 3235 1052 3301 Olymp.
1061 3238 1113 3288 od.
1122 3251 1166 3288 111.

61 3322 137 3374 Unde
160 3321 246 3384 ipsam
272 3319 456 3382 Proserpinam
484 3315 597 3366 Siculam
634 3309 823 3374 σὺνβαθνζῶνου
833 3309 934 3372 διδύμοις
944 3310 1011 3360 natal
1019 3311 1104 3371 Λήδας.
1116 3314 1169 3364 Cu·

62 3404 140 3450 vocat
161 3395 308 3457 luvenalis,
326 3396 380 3445 Sat.
399 3407 464 3444 xus.
490 3392 597 3441 ‘Sicula
630 3390 675 3453 jus
685 3388 754 3438 vocis
766 3388 810 3437 illa
822 3388 888 3436 ratio
901 3394 949 3450 est,
961 3388 1030 3451 quod
1041 3395 1102 3438 ante
1114 3387 1176 3452 pri·.

61 3460 153 3526 torvus
177 3487 237 3522 cum
259 3471 369 3535 conjuge
386 3469 485 3520 Pluto!
526 3467 596 3521 Quid
634 3481 704 3515 mum
716 3463 882 3514 concubitum
900 3477 970 3512 zouae
982 3462 1114 3526 virginalis
1127 3477 1169 3512 so·

61 3551 128 3617 quod
141 3556 234 3613 raptus
246 3548 302 3610 ipse
313 3545 477 3609 Proserpina
488 3543 599 3607 contigit
634 3544 700 3592 lutio
710 3540 795 3590 fieret.
813 3539 921 3600 Magius.

61 3628 129 3695 apud
142 3628 256 3688 AEtnam,
267 3630 333 3674 teste
345 3623 461 3687 Hygino,
471 3635 529 3684 cap.
542 3623 598 3670 146.
668 3623 714 3669 131
734 3616 845 3666 Pronuba
855 3613 968 3680 flamoso]
995 3614 1109 3678 Nuptias
1129 3615 1170 3664 in·

62 3704 152 3754 Bastia.
634 3695 735 3756 ferens3
747 3695 804 3758 jam
822 3692 906 3755 inquit
925 3692 1007 3741 virum
1021 3691 1169 3742 desiderare

95 3779 221 3829 limitata
232 3775 326 3839 Germ]
350 3773 404 3823 Alii
424 3772 476 3838 leg.
494 3773 598 3822 AEtnoeoe
636 3775 760 3834 coeperat.
776 3768 865 3817 Burtb.

66 3856 158 3907 Cereri.
192 3842 294 3904 AEtnaea
320 3852 353 3902 ab
380 3851 467 3913 AEtna,
487 3850 598 3913 vulgaris
669 3849 717 3894 132
734 3844 819 3892 Mixto
837 3843 918 3892 tremit
931 3841 1061 3902 formidine
1078 3837 1170 3903 uotum]

64 3932 155 3993 lectio,
166 3929 312 3980 faventibus
323 3928 396 3988 sitio,
412 3927 457 3976 lib.
469 3940 519 3976 vn.
530 3926 599 3976 Stat.
636 3922 732 3971 Votum
744 3919 888 3983 virgineum
902 3925 962 3966 suut
979 3916 1086 3978 nuptiae,
1105 3928 1169 3981 quas

66 4007 264 4058 rv.‘l'lreb.125.
298 4004 335 4054 At
355 4005 463 4053 Enneum
474 4017 599 4067 recepere
636 3997 779 4047 formidant
802 3994 895 4044 timore
920 3989 1057 4040 amittendi
1080 3988 1170 4050 floris}

68 4081 139 4139 docti
150 4097 184 4132 ex
194 4095 235 4132 vr.
246 4081 322 4132 verr.
341 4079 440 4129 Araob.
460 4079 505 4130 lib.
518 4091 545 4128 v.
565 4079 599 4128 ab
638 4090 695 4140 quas
717 4072 783 4121 mira
804 4069 936 4119 brevitate
957 4068 1052 4118 extulit
1068 4067 1171 4132 juncta.

68 4154 600 4221 Ennssiciliaeoppido,juxtaquodrapta
637 4152 712 4200 Idem

70 4222 118 4286 lut
129 4232 300 4299 vrortmtna
333 4232 421 4299 Silius,
434 4232 479 4282 lib.
492 4246 512 4281 r.
530 4231 600 4283 ‘En
672 4225 763 4277 Metuit
773 4220 865 4287 votum]
881 4224 934 4276 Pro
944 4220 1051 4289 nuptiis.
1061 4220 1170 4276 Metam.
