2662 4696
186 348 363 397 narcisse.
388 347 572 397 asemon
596 350 641 396 nr
666 347 879 399 cussanus.
995 310 1083 402 1617

92 489 240 552 Imperator
257 490 344 540 Vitam
364 487 514 540 fulminibus
552 505 607 539 mm
626 491 711 541 senius
732 493 850 543 dimissus
868 492 893 543 in
911 506 986 543 uem
1006 494 1086 544 Cluu-

91 566 185 627 >eregit
195 565 213 612 l’
229 560 303 614 uersu
320 566 461 628 penultimo
478 567 514 614 le·
552 565 627 616 dtus'
643 567 718 615 Idem.

91 639 207 701 rsulmiuc
216 646 302 702 tomus,
312 642 353 689 rel
365 645 453 703 raptus.
479 641 514 690 D.
584 645 615 690 st
628 643 743 705 Princeps
749 642 856 705 militia]
871 643 997 706 Togstum
1007 643 1084 708 uicit,

551 718 625 780 cujus
637 718 707 779 prius
718 717 797 766 t'uerit
807 717 941 780 Princeps.
973 717 1025 766 Sed
1038 733 1083 768 re-

91 792 164 855 sspuii
174 789 298 853 incestum]
315 791 438 851 lugentum
446 791 514 841 Gru·
551 792 605 840 rius
615 799 655 841 est
665 791 698 840 de
708 792 808 840 duobus
818 792 860 841 liic
871 805 1014 842 sermonem
1024 807 1082 844 esse

91 867 250 916 tsesecam:
271 875 298 916 et
310 867 347 915 sic
359 867 470 916 Lucem.
482 881 514 915 ac
551 867 703 928 Claudiano,
714 869 795 917 Putre
814 868 932 919 nimirum
943 868 1082 930 Celerinae,

91 943 159 993 utic.
177 945 293 992 incertam
303 943 425 1006 Scaliger.
449 943 514 992 Del·
551 958 608 992 cmn
626 945 659 993 de
678 945 820 1008 propagine
831 952 950 994 materne
960 944 1083 1007 antiquis·

91 1019 213 1070 Senecam
223 1020 403 1082 hocsceptrum:
420 1032 513 1081 perpe·
551 1019 615 1068 sirna
631 1019 686 1083 jam
698 1021 803 1069 locutus
813 1021 856 1083 sit,
874 1034 974 1084 avoque
989 1026 1085 1069 meter·

91 1094 200 1144 lidonius
228 1095 394 1157 Panegyrico
421 1092 511 1143 Aviti:
550 1096 600 1144 no':
617 1110 725 1159 quornm
743 1097 786 1146 ille
796 1097 853 1160 jum
870 1096 905 1146 sit
921 1095 1082 1146 dictusmili=

92 1171 166 1218 insum
178 1169 270 1232 ingesti
282 1169 383 1233 pondus
399 1170 513 1234 suscepit
550 1171 594 1220 tite
614 1170 750 1236 Princeps,
768 1173 810 1222 hic
829 1186 889 1222 vero
905 1173 961 1235 jum
980 1171 1083 1221 dicetur

92 1248 102 1272 ’
143 1246 223 1293 Plura
256 1244 420 1293 adstruendae
452 1244 512 1294 hiric
550 1247 1082 1307 PrimicerinsNotsriomm,velslistslis

92 1336 123 1371 ns·
141 1320 269 1383 congessit
296 1319 366 1369 curis
394 1319 513 1368 secundis
550 1324 819 1385 potestuscoustitutu
832 1325 864 1373 sd
882 1324 1084 1375 Retiouesmili·

92 1413 111 1448 s.
146 1399 210 1448 Mox
226 1401 277 1446 tum
293 1411 340 1460 pro
354 1395 512 1460 conscripti.
550 1400 594 1449 ttae
606 1399 742 1450 Romanae.
760 1400 847 1451 Basti.

599 1477 652 1532 Quo
682 1491 729 1525 sou
761 1476 877 1526 illustrior
906 1480 974 1524 estut
999 1475 1081 1539 Alter]

92 1552 149 1616 urst]
163 1552 276 1612 ingerere
288 1564 341 1598 rem
354 1549 450 1599 dicitnr
468 1549 512 1613 qui
551 1554 642 1610 Quoet
652 1555 729 1603 odem
746 1568 805 1604 cum
822 1553 904 1602 libris.
936 1553 990 1602 Pro
1005 1552 1081 1614 ussig-

92 1626 250 1691 mlientique
259 1625 386 1687 obtrudit,
394 1640 444 1689 quo
453 1640 512 1689 pac·
549 1636 600 1690 not,
617 1631 729 1692 adsignat
749 1629 825 1694 prim.
843 1629 928 1679 Vatic.
955 1629 1034 1678 Forte
1052 1643 1081 1679 oc

92 1717 152 1753 sum
162 1702 301 1765 Imperium
311 1702 433 1764 singulari
443 1716 512 1764 mag·
548 1707 636 1767 sigum.
653 1708 690 1756 D.
699 1706 790 1755 Heius.

92 1785 131 1830 ste
142 1785 170 1828 et
179 1779 373 1843 aequanimitate
384 1778 511 1829 restituisse
581 1785 612 1828 85
628 1780 699 1830 Alter
715 1779 865 1843 structorum]
889 1779 1081 1843 Interpretstlo

92 1856 171 1905 tinum
183 1870 265 1904 sunm.
282 1855 373 1904 Barth.
548 1854 603 1905 lraec
615 1857 664 1905 sit:
684 1856 818 1906 Celerinus
830 1854 880 1905 suit
897 1857 940 1906 ille
956 1863 1081 1920 prestun·

92 1947 174 1998 srpssro
189 1931 303 1996 mimum]
327 1931 448 1995 Dignitss
464 1931 510 1981 mi·
548 1932 661 1982 tissimus
686 1933 773 1997 stirpis
794 1938 885 1982 unctor
906 1934 1042 1996 Celerinre,
1064 1949 1081 1983 s

93 2015 145 2059 ute.
178 2007 258 2068 Vicit,
273 2008 318 2068 att,
332 2008 511 2057 Fortunamet
548 2014 640 2056 matre.
681 2007 768 2072 Hujus
796 2022 940 2071 cognomen
962 2008 1083 2058 assumsit

93 2082 510 2147 nem,contemnendoutrumque.
548 2083 779 2146 PaterCelerinoe,
798 2091 890 2147 utpote
910 2084 997 2132 multis
1014 2098 1080 2147 prae·

548 2161 625 2208 cleris
637 2160 746 2210 ducibus
764 2159 854 2209 eodem
873 2159 999 2208 vocabulo
1018 2173 1080 2207 ean·

93 2231 329 2296 Munerepulsom]
345 2232 511 2282 lmomeruit·
548 2235 608 2283 dem
628 2236 817 2285 successionem
836 2235 995 2285 ornantibus.
1035 2233 1080 2285 Sic

93 2309 204 2359 slibris.
237 2308 335 2357 Statius
357 2308 510 2357 Surrentino
548 2310 651 2372 genitor
670 2311 805 2360 Celerinus
831 2309 927 2359 dicitur
950 2302 1079 2358 Celerinus

93 2386 97 2414 ¹
109 2384 241 2448 Spemque
251 2389 400 2448 metumque
413 2382 511 2446 domus,
548 2399 600 2433 non
611 2400 627 2433 u
637 2399 684 2433 sue
694 2384 786 2446 stirpe,
796 2382 842 2431 sed
853 2381 972 2445 conjugis
984 2388 1081 2432 muter·

93 2467 205 2524 itemque
224 2460 326 2522 repellis
346 2460 486 2507 Fortunam
494 2458 511 2506 :'
547 2474 592 2520 rsa,
601 2475 660 2524 qnae
672 2459 748 2523 plena
759 2455 809 2506 fuit
818 2457 919 2506 scilicet
928 2470 1079 2520 magnorum

93 2549 159 2595 ,uun
171 2535 269 2595 refellis.
285 2536 318 2583 Ι).
330 2535 422 2584 Heius.
547 2536 668 2585 uirorum.
701 2534 752 2584 Vel
763 2542 791 2583 et
802 2534 884 2582 susustt
895 2532 958 2582 illud
979 2533 1011 2583 ed
1028 2533 1081 2583 Pe·

93 2611 227 2670 scostfessc
249 2611 311 2673 uiro]
339 2612 412 2660 Bene
432 2610 510 2659 iidem
547 2617 613 2662 trem
625 2611 753 2660 Celerinae
766 2612 804 2658 its
816 2609 940 2673 pertinet,
948 2616 977 2659 nt
989 2611 1079 2674 nepoti

94 2702 194 2738 mrsu.
212 2688 276 2736 Mox
286 2688 364 2735 deluto
375 2685 441 2734 bene
450 2687 511 2735 Pul·
547 2702 580 2735 ex
598 2686 651 2736 tilia
668 2694 798 2736 maternus
815 2701 877 2735 avus
896 2685 1031 2746 indiderit,
1043 2687 1078 2738 ed

95 2780 155 2816 cum
168 2767 243 2829 prim.
255 2764 342 2813 Vntic.
354 2762 509 2813 etAmbros.
547 2765 693 2812 memoriam
709 2764 893 2826 praeolarorum
908 2762 1034 2824 majorum
1051 2776 1079 2811 e·

93 2845 133 2890 tu.
149 2841 232 2889 Idem.
542 2839 714 2902 jusnominis.
747 2839 850 2886 Clarum
862 2851 894 2884 ex
913 2837 1025 2887 historiis
1040 2837 1078 2900 ip·

94 2919 178 2981 rjorem
189 2922 304 2966 contemtu
313 2914 408 2980 molat]
425 2916 510 2964 Parni·
546 2916 632 2978 sisque
642 2913 736 2974 titulis,
747 2927 763 2960 a
773 2920 891 2960 materno
903 2925 1000 2975 genere
1012 2926 1079 2961 sum·

94 2991 206 3054 edictus,
218 2992 235 3041 l.
248 3007 267 3042 1.
278 2993 386 3040 Mortin.
398 2997 405 3019 ⁴
419 2991 510 3054 major·
547 2991 610 3038 sisse
623 2989 758 3038 illustrium
769 3001 875 3035 avorum
894 2986 996 3034 nomino
1011 2984 1077 3035 Pro·

94 3077 165 3119 >stur
176 3071 244 3118 Dum
256 3071 331 3131 cupit
342 3083 399 3117 csse
410 3069 509 3128 nrinor3
546 3079 620 3115 ceres
632 3065 770 3113 Romanos.
795 3063 867 3112 Nihil
879 3077 941 3111 vero
954 3061 1078 3112 verisimi-

94 3144 161 3194 tdem
174 3152 288 3194 temnere
300 3147 367 3194 Lens
379 3143 435 3194 est!
447 3144 509 3193 Bor·
545 3141 594 3190 iius
607 3155 692 3204 quum,
702 3145 731 3188 nt
743 3138 806 3202 dixi,
817 3139 851 3188 dc
862 3139 988 3188 Celerinae
1007 3147 1079 3188 ntru-

118 3275 122 3281 ι
546 3232 596 3281 que
623 3217 705 3279 stirpe
727 3217 901 3279 sermocinari,
922 3217 996 3281 cujtts
1018 3231 1082 3266 cnmv

94 3295 239 3356 traducum]
267 3295 420 3356 Magistrum
440 3294 509 3342 Mili·
545 3303 652 3345 mutrem
674 3297 707 3344 ob
730 3311 770 3346 res
791 3304 878 3358 gestus
896 3295 1000 3344 laudare
1023 3309 1077 3344 trun

94 3384 180 3420 emum
195 3369 275 3418 fuisse
286 3370 394 3418 indicet.
427 3368 508 3417 Plena
546 3379 641 3435 piasset,
660 3386 709 3421 nec
725 3371 752 3420 id
770 3372 802 3420 ab
820 3387 851 3420 eo
869 3377 1075 3435 exspectaretur,

94 3441 181 3508 nsisse,
190 3447 250 3511 qnia
261 3445 358 3495 nullum
371 3443 441 3507 prins
451 3459 508 3507 gru·
545 3447 633 3496 luitdut
644 3454 917 3510 recensetque'munos
926 3454 954 3496 et
964 3445 1076 3509 dignita·

94 3523 162 3572 erit.
179 3524 255 3572 litem,
547 3531 597 3571 tem
609 3523 651 3571 avi
661 3523 717 3586 ejus
728 3522 847 3571 materni.
877 3521 923 3571 Sic
942 3521 1076 3570 eiuscom-

94 3596 191 3659 dscum]
209 3599 324 3646 Florent.
341 3598 368 3646 S.
379 3598 465 3645 Murci
481 3604 510 3646 et
546 3599 598 3646 niu.
615 3599 705 3647 Borttr.

94 3675 174 3732 luciis
190 3674 248 3738 lege
259 3674 345 3722 ducis:
361 3674 424 3723 diem
435 3674 507 3723 Oise·
581 3673 679 3721 Tubulus
687 3671 804 3735 augunt]
822 3672 882 3720 Non
901 3669 991 3720 dubito
1012 3672 1075 3737 quin

94 3751 119 3799 l.
133 3750 219 3799 Heius.
546 3748 673 3796 eelerioae
699 3754 776 3810 puter
801 3746 881 3796 fuerit
907 3747 1074 3796 Primicerins

95 3826 142 3874 ·ud
153 3826 237 3888 ouum]
259 3826 290 3874 lu
307 3826 381 3873 ouum
398 3832 509 3888 quattuor
545 3823 713 3874 Notariorum
724 3823 1076 3885 inOccidente,virspects·

95 3915 159 3964 ego,
175 3906 267 3950 motus
282 3902 308 3950 iu
322 3903 403 3950 ultum.
427 3903 508 3950 sulus·
545 3899 613 3960 bilis,
633 3897 666 3946 ud
682 3913 757 3962 quem
775 3898 900 3960 pertinuit
910 3910 973 3945 cura
985 3896 1075 3943 Luter-

95 3979 223 4029 tStatins
245 3980 378 4043 hacrymis
395 3979 508 4040 Etrusci,
545 3974 597 4024 culi
608 3973 721 4037 majoris,
737 3979 765 4020 ut
781 3978 822 4021 est
837 3973 862 4019 in
879 3970 988 4020 Notitiu.
1020 3970 1074 4019 Sub

95 4045 138 4104 uls
148 4056 231 4106 minus
251 4055 376 4106 concinne
392 4070 461 4104 nuuc
472 4055 507 4102 le·
545 4065 576 4100 co
587 4052 698 4100 omnium
709 4049 864 4112 dignitatum
876 4054 904 4096 et
915 4045 1075 4096 administru-

99 4130 250 4194 Praecipuos
267 4131 313 4180 sed
331 4132 399 4181 enlm
416 4131 508 4179 merito
544 4126 642 4176 tionum
652 4125 752 4188 notitia,
771 4131 824 4174 tam
839 4123 986 4173 militarium
998 4136 1073 4187 quum

97 4207 143 4257 :in
162 4214 235 4256 ectus
255 4208 377 4258 Nondum
396 4207 508 4271 stellige·
543 4202 665 4254 civilium.
683 4201 788 4254 scholas
799 4206 955 4258 utnumeros
966 4204 1081 4264 troctas„

95 4285 163 4337 Μ
176 4286 234 4343 Vter·
247 4287 313 4337 ctos.
491 4283 574 4334 cuso.
948 4277 1009 4330 ili
