2662 4696
430 309 432 312 ⁵
520 348 579 400 or..
599 347 828 401 censemur.
1131 333 1225 407 'iffi

108 496 150 570 ln
165 495 391 562 miscellaneis
417 493 758 580 interpretationibus,
771 498 931 582 ¹pedestri
954 505 986 565 et
1004 493 1140 566 Runico
1156 520 1224 568 ser-

111 618 227 676 mone,
252 619 275 662 a
299 597 476 663 Gniieimo
506 595 715 664 Warbnrton.
756 601 798 664 ln
824 600 939 665 codem
958 604 1131 668 'volumine
1150 611 1225 669 sunt

110 703 220 766 etiam
234 702 377 764 aliorum
390 701 579 766 Latinorum
588 702 785 785 poematum
795 705 976 770 versiones.
991 708 1100 775 leno.
1115 701 1225 772 Lond.

116 804 219 868 1724.
1182 857 1184 860 ,

156 904 409 969 L'enievement
425 906 466 969 de
480 905 690 989 Proserpine,
706 906 827 990 poeme
842 907 888 970 de
900 907 1079 986 claudier,
1100 906 1225 974 treduit

113 1027 157 1071 en
182 1026 283 1090 prose
300 1008 492 1088 Francoise,
511 1027 593 1071 eveo
615 1024 661 1071 nn
677 1003 842 1072 Discours
864 1026 920 1072 sur
932 1026 973 1073 ce
987 1009 1097 1092 poete,
1114 1010 1148 1076 et
1165 1007 1225 1074 des

109 1125 321 1192 mmarques.
338 1110 459 1174 Berlin.
475 1111 572 1175 1767.
708 1111 709 1115 ’

162 1211 466 1294 Gigantomachiae‚
490 1211 659 1294 poematis
682 1211 872 1290 claudiani,
897 1215 1120 1295 fragmentum
1133 1233 1153 1279 e
1166 1229 1224 1280 o'o·
1258 1236 1262 1243 ¹

115 1314 192 1378 dice
207 1315 367 1396 vulgavit,
384 1323 415 1378 et
433 1318 520 1377 notis
544 1314 731 1390 illustravit,
748 1320 781 1378 et
797 1316 837 1378 de
852 1316 966 1379 eodem
982 1316 1126 1382 carmine
1140 1317 1225 1387 Ies-

110 1414 272 1499 mr'isque
297 1413 416 1480 codice
439 1414 580 1479 feliciter
605 1415 763 1479 disseruit
777 1416 896 1480 Irierte
920 1416 953 1481 in
981 1416 1090 1482 Caral.
1114 1417 1227 1489 Codd.

110 1519 314 1583 Graecorum
330 1516 488 1583 Biblioth.
502 1518 618 1600 Regiae
636 1517 772 1583 Madrit.
786 1537 845 1602 pp.
861 1508 937 1583 215.
952 1519 1027 1584 216.
1041 1516 1123 1582 Vid.
1134 1511 1225 1584 Har—

111 1619 189 1683 lesii
200 1621 392 1684 Breviorem
400 1615 565 1683 Notitiam
576 1619 783 1698 Liter‘oriam,
798 1626 859 1686 &c
871 1622 939 1684 voi.
952 1638 977 1686 1.
992 1619 1135 1705 ppffre.
1146 1618 1223 1686 700.

115 1720 256 1785 Erudite
271 1728 330 1800 cst,
347 1724 394 1786 ait
412 1722 503 1786 idem
520 1721 711 1799 Herlesius,
726 1724 960 1787 commentatio
981 1723 1022 1786 de
1037 1721 1224 1787 Claudiano

115 1823 261 1907 ejusque
282 1824 421 1900 meritis,
443 1823 636 1901 virtutibus,
649 1823 812 1905 vitiisque
829 1822 985 1907 poeticis,
1000 1825 1036 1888 in
1054 1843 1154 1908 opere
1166 1825 1225 1888 cui
1290 1810 1297 1817 ’

111 1925 232 1990 titulus
246 1931 309 2004 est,
324 1926 499 1990 Uberioris
516 1927 807 1990 commentationis
820 1925 861 1988 de
872 1924 1048 1990 Claudiani
1063 1926 1224 2004 carmine,

109 2027 156 2091 de
183 2028 302 2111 Beptn
329 2025 538 2111 Proserpinae
561 2029 731 2111 inscripto,
757 2028 947 2111 Specimeu.
977 2031 1047 2093 no.
1074 2029 1225 2111 Gotting.

114 2130 216 2195 1770.

158 2231 337 2296 Librorum
365 2236 484 2296 contre
510 2231 670 2295 Rufinum
691 2231 859 2314 politicam
888 2233 1076 2296 versionem
1099 2231 1225 2316 (Runi-

109 2337 205 2412 cum)
218 2335 347 2416 publici
361 2335 450 2419 juris
464 2333 544 2398 fecit
553 2331 744 2398 Guilelmus
760 2330 862 2416 King,
878 2351 955 2416 quae
970 2331 1115 2397 videnda
1126 2335 1223 2397 sitin

112 2435 188 2520 ejus
203 2440 216 2468 ‘
229 2432 412 2514 Remains,’
434 2453 508 2500 cum
530 2435 725 2519 praefatione
740 2436 783 2498 ad
801 2437 945 2500 amicum
958 2451 1057 2500 suum
1077 2432 1224 2498 Alexan·

109 2536 211 2603 drum
227 2536 497 2627 Pope,>po'eftam,
511 2537 635 2603 dicate.
659 2537 737 2603 tivo.
754 2537 860 2602 Loud.
882 2534 979 2602 1782.
1029 2536 1133 2600 Hanc
1152 2556 1224 2616 ver-

110 2641 256 2717 sionem,
282 2647 316 2705 et
340 2629 459 2704 notatu
483 2641 584 2723 digne
607 2647 691 2720 eret,¹
713 2646 831 2704 notent
855 2636 1044 2724 Bipontini3
1066 2637 1129 2703 sed
1156 2656 1224 2704 uon

110 2742 276 2815 ludicram
292 2744 384 2807 iliam
399 2743 574 2807 abeodem
590 2747 736 2820 anctore,
757 2742 935 2806 imitatoris
948 2760 1056 2818 rnore,
1072 2761 1134 2806 nec
1149 2741 1224 2824 qui-

111 2843 190 2908 dem
202 2850 320 2910 notatu
331 2846 480 2927 dignum.

157 2946 312 3030 Explicit
327 2943 529 3030 Bipontinus
541 2946 735 3010 Editionum
746 2945 925 3010 Recensus
938 2962 1027 3007 anno
1041 2944 1138 3007 1760.
1162 2944 1224 3007 Se-

110 3049 238 3138 quitur,
249 3065 370 3132 nempe
380 3069 411 3114 a.
421 3050 518 3114 1784.
528 3044 882 3132 ipsaBipontinorum‚
892 3065 968 3130 quun
980 3045 1225 3121 eclerttcovoee·
1239 3083 1242 3089 ·

111 3156 149 3215 te
158 3157 231 3227 est,
244 3146 359 3214 editio
400 3149 531 3214 Textus
544 3156 599 3213 est
610 3146 834 3231 Heinsianus3
850 3151 995 3215 editores
1005 3166 1085 3213 vero
1100 3149 1224 3232 Bipom

112 3247 221 3316 tiniin
234 3254 391 3317 memoria
405 3259 552 3317 tenentes
568 3251 660 3335 qued
671 3251 843 3317 Gesnerus
854 3253 991 3317 dixerat
1004 3251 1047 3316 de
1056 3250 1224 3315 JoJens-

111 3355 205 3418 sonii
213 3351 410 3437 exemplari,
420 3373 538 3439 nempe
551 3355 632 3420 ‘illo
645 3371 716 3420 uon
722 3357 863 3420 muitum
875 3374 950 3420 esse
963 3372 1072 3430 usum,
1081 3355 1139 3416 vix
1152 3372 1224 3416 ure·

113 3455 217 3520 dibile
240 3461 410 3538 putentem
432 3460 539 3541 primo
562 3460 713 3523 relictum
734 3479 807 3521 esse
831 3459 1012 3540 quicquam
1037 3458 1119 3536 post
1141 3453 1225 3516 Bar-

112 3556 223 3622 tln'um
245 3561 279 3620 et
303 3552 496 3637 Heinsium,
523 3564 558 3622 et
580 3565 692 3622 tamen
713 3566 834 3641 posteo
857 3556 995 3620 multum
1021 3552 1223 3618 discriminis

106 3649 263 3736 ‘notasse
273 3659 367 3742 quod
383 3667 537 3724 accurate
544 3661 704 3744 persequi
714 3679 822 3742 neque
834 3661 942 3725 otium
956 3648 1066 3742 neque
1078 3655 1224 3748 studium

112 3759 274 3844 parcendi
286 3763 396 3825 oculis
411 3762 841 3845 petiebatur'-Bipontini‚
857 3762 932 3826 hoec
942 3761 1137 3835 recolentes,
1151 3764 1225 3821 tex-

110 3869 186 3926 tum
201 3858 338 3928 Heinsii
358 3881 436 3928 cum
456 3863 629 3928 ianssonii
650 3863 832 3946 exemplari
853 3862 1033 3937 contulere,
1048 3867 1084 3923 et
1102 3857 1225 3922 exinde

113 3967 254 4030 muitum
282 3984 398 4031 eorum
420 3968 563 4053 profecit
585 3966 698 4034 editio.
755 3966 785 4029 11
813 3964 899 4029 Mss.
924 3964 1029 4027 rarior
1059 3958 1225 4024 lectiones

112 4067 323 4148 exhibentur,
344 4075 379 4134 et
402 4070 522 4135 notitia
536 4069 699 4136 literaria
711 4070 795 4134 bene
808 4070 985 4152 compecto
1004 4072 1042 4131 et
1063 4068 1225 4128 accurate

110 4171 313 4266 praefigitur.
583 4198 585 4202 ³
