2662 4696
124 300 212 367 1664
270 296 380 365 nura
403 302 607 366 v'snronuu
633 316 673 364 rs
698 316 754 365 ou.
777 315 915 367 ouaun.
937 307 1085 367 xxxvi.

124 474 202 524 quum
212 460 283 508 taciti
294 458 385 508 melius
404 457 601 508 admirationem
613 472 657 506 ex·
692 457 771 506 ‘Nec
790 463 929 506 renovatos
949 470 1013 520 ager
1030 454 1142 520 gravidis
1153 470 1211 506 caue·

125 535 230 598 primat.
264 535 460 599 Apolliletam.
470 532 513 584 lib.
526 548 556 584 tt.
575 535 658 599 ‘dtgt
694 532 856 582 bataristis!
874 533 909 581 D.
926 533 1013 581 Heius.
1114 557 1115 560 =

124 616 200 660 trima
210 613 304 674 pollice
309 611 453 675 proximum
461 611 499 659 uri
509 611 657 672 admovens,
726 613 758 658 26
775 608 922 670 Fremereat]
938 609 1004 657 Haec
1015 609 1080 658 satis
1091 607 1177 658 inflata
1185 609 1220 661 vir

71 684 79 705 ¹
123 693 151 735 et
163 687 187 735 in
198 695 330 750 stuporem
343 701 440 746 versus,
451 687 530 747 Tace,
544 695 610 748 tace,
621 688 658 735 iu·
693 684 805 734 deantur
816 685 909 745 alicui;
926 685 972 734 sed
984 685 1078 735 Poeta
1090 699 1142 735 non
1153 685 1215 736 deest

123 762 188 826 quit,
199 770 226 812 et
237 779 297 812 saue
309 763 472 812 taciturnitas
481 762 656 819 admirationis
693 761 768 811 ratio.
781 776 856 824 supra
872 762 948 823 dixit,
964 767 1056 811 tumere
1072 763 1148 820 ciam
1162 762 1215 827 ligo·

123 839 278 890 eomesest!
311 840 352 888 Ex
362 838 509 887 Aristotin
522 838 655 888 Problam.
692 851 745 885 ram
756 839 806 885 buc
816 852 895 902 usque
908 839 989 888 voluit
1000 839 1158 903 producere.
1173 841 1216 890 Ne·

125 916 233 980 Dempst.
692 928 742 977 que
747 913 853 976 fluerem
864 913 896 963 ab
908 928 940 963 eo
956 915 1085 977 scriptum
1096 916 1159 966 mihi
1169 917 1214 981 quis

156 992 254 1056 Sidera]
267 992 400 1041 Cluverius
406 991 472 1051 teate
478 993 586 1054 semina,
597 1008 655 1057 quae
691 988 769 1039 facile
783 989 950 1051 persuaserit.
967 990 1064 1039 Clam

122 1069 359 1130 perexcellentium
369 1068 406 1116 sic
415 1068 546 1126 dicuntur,
555 1069 655 1119 utPoe’·
683 1073 686 1079 '
724 1069 756 1115 28
772 1065 1136 1131 Sedqaoddissuasarbo‘seets]
1161 1068 1214 1124 Qut

121 1149 150 1191 ta
161 1158 208 1206 pro
221 1143 341 1193 Homero.
375 1145 440 1193 Sunt
451 1145 519 1193 enim
532 1153 560 1194 et
572 1147 654 1195 Fauni
692 1150 765 1191 recte
777 1157 841 1190 rinus
853 1141 1021 1190 petavianus.
1039 1141 1106 1190 Mox
1115 1157 1162 1207 pra
1169 1151 1215 1206 pm-

122 1219 235 1282 nnmina,
254 1219 299 1268 sed
312 1221 415 1284 rustica,
430 1235 475 1269 seu
495 1221 568 1285 plebs
585 1224 656 1272 Deo·
691 1222 755 1268 socer
766 1224 803 1280 at,
823 1231 895 1266 meus
911 1217 976 1265 liber
989 1221 1042 1264 ort.
1074 1215 1145 1267 Puto
1162 1219 1215 1267 istd

121 1309 184 1345 rum.
204 1297 300 1346 Claeer.
691 1309 780 1356 segnes.
805 1294 936 1356 Deinceps
947 1296 1017 1355 atara
1028 1297 1094 1342 artes
1113 1290 1214 1343 Boadoi·

154 1376 185 1422 ta
203 1372 303 1436 Granis]
320 1373 492 1438 Venerabilis,
510 1375 592 1440 qualis
603 1389 655 1433 ma·
692 1371 767 1419 ensis.
786 1370 820 1418 D.
833 1367 919 1418 IIeiss.

115 1450 241 1513 jestatem
270 1450 358 1500 babet.
403 1451 498 1500 Maro:
532 1452 654 1501 ‘Pietate
722 1450 755 1494 29
774 1441 892 1505 Oblimat]
914 1441 1213 1509 Atterit‚debilitat‚in·

121 1541 226 1589 gravem
236 1533 263 1578 et
271 1528 371 1577 meritis
380 1526 401 1576 si
409 1526 479 1577 forte
489 1527 654 1593 virumquem
691 1521 774 1585 pedii,
796 1527 924 1570 attenuat·
951 1519 1093 1583 Virgilius:
1123 1521 1213 1571 ‘sulcet

119 1603 303 1667 Conspexere!
411 1632 416 1640 ·
690 1596 798 1646 oblimat
808 1597 921 1645 inertes)
951 1596 1045 1646 Iunius
1057 1597 1211 1662 Pilarguras:

153 1679 222 1742 Alto]
240 1679 395 1728 Praesidium
406 1679 472 1728 enim
486 1678 579 1728 talibus
590 1679 654 1728 acti·
689 1672 697 1699 ‘
710 1673 825 1735 obturet,
838 1679 866 1722 et
876 1671 1016 1724 occludat!
1036 1674 1126 1724 Baeti.

120 1753 168 1803 bas
182 1754 257 1802 sedes
268 1754 373 1802 altiores
384 1754 496 1803 ceteris.
515 1754 604 1804 Barib.
723 1754 829 1803 Obtinui
839 1753 937 1816 mentes]
955 1753 987 1802 ld
998 1760 1049 1815 est,
1060 1761 1211 1804 transversat

153 1833 184 1877 19
202 1828 340 1891 Abduxere]
365 1830 425 1878 Non
447 1831 575 1878 Adduxere
594 1845 651 1879 cum
690 1829 757 1891 agit:
783 1831 824 1878 rel
837 1828 961 1892 deprimit
976 1843 1023 1877 seu
1040 1827 1212 1893 affigitbumo.

118 1905 185 1954 aliis.
202 1906 299 1955 Luam
310 1918 361 1954 vu.
384 1904 392 1931 ‘
405 1905 448 1954 Dii
459 1919 565 1969 quornm
576 1920 651 1954 auras
687 1904 831 1954 Subiimare
841 1912 880 1954 est
888 1905 1045 1954 contrarium
1051 1905 1144 1955 Ennio.
1154 1906 1211 1954 Cloe.

119 1979 228 2029 abduxit
248 1979 281 2028 ab
307 1979 403 2028 aethere
430 1979 525 2028 tellus.'
559 1981 651 2030 Cicero
690 1984 692 1989 '
720 1983 752 2029 3⁰
771 1981 858 2029 mmm
873 1981 936 2044 riae]
960 1980 1212 2045 Madosaggrediuu·

117 2056 254 2108 Tusculau.
267 2058 367 2108 Quaest.
379 2055 425 2105 lib.
438 2070 475 2104 ιν.
494 2057 501 2082 ‘
514 2056 651 2120 sicigitur
688 2055 777 2105 darum
790 2062 816 2105 et
827 2057 1056 2120 expediuudarum.
1080 2057 1169 2106 Baeti.

118 2134 224 2185 adfecto
243 2136 300 2184 lraec
318 2135 464 2183 adhibenda
482 2135 584 2184 curatio
601 2142 650 2188 est.
720 2137 750 2181 at
769 2132 895 2193 Ingeniosa
917 2130 1020 2193 egestas]
1053 2126 1211 2181 Necessitate

118 2209 294 2260 Abducendus
316 2211 394 2260 etiam
414 2224 595 2275 nonnunquam
617 2211 649 2260 ad
687 2209 742 2273 ipsa
752 2209 858 2257 subacta
869 2207 1067 2256 adinvenienda
1077 2215 1106 2256 et
1117 2206 1212 2270 excogi-

118 2285 168 2336 alia
187 2287 282 2348 studia,
301 2285 497 2348 sollicitudines,
511 2301 650 2346 curamue-
688 2287 770 2337 tanda
798 2285 889 2350 quibus
918 2298 983 2349 opus
1010 2283 1108 2334 babeat
1133 2284 1211 2335 homo.

117 2361 205 2427 gotia!
250 2363 314 2411 Mox
343 2362 447 2411 stimolis
468 2376 515 2425 pro
543 2363 650 2412 stimulos
686 2364 762 2413 Idem.

114 2447 187 2489 recte
200 2445 302 2489 veteres
315 2440 383 2487 libri.
405 2440 440 2488 D.
453 2439 540 2489 Heius.
719 2445 750 2490 32
769 2441 870 2489 Nutriat
889 2436 956 2500 osas]
981 2435 1124 2500 Virgilius:
1150 2435 1211 2485 ‘Ut

147 2515 285 2578 Abduxere]
309 2514 340 2562 ld
353 2522 403 2574 est,
420 2513 444 2562 A
460 2515 649 2566 curiscaelesti-
686 2517 770 2566 varias
793 2530 853 2565 rusus
881 2512 1029 2563 meditando
1060 2512 1211 2561 extunderet

117 2589 164 2637 bus
191 2591 224 2637 nd
254 2590 373 2638 mortalia
399 2604 485 2639 rursus
508 2598 649 2643 attraxere.
686 2592 776 2642 artes!
793 2593 870 2641 Idem.

120 2666 189 2714 ctas.
718 2673 749 2718 33
768 2666 875 2728 Natura]
891 2665 1111 2729 MonitrixJovis,
1121 2664 1209 2727 etejus

146 2743 179 2788 20
190 2739 305 2789 Saturnio
319 2740 388 2803 Otia]
396 2741 448 2790 Sub
455 2742 565 2792 Saturno
574 2759 647 2807 rege,
686 2744 945 2794 consiliafacessena.
963 2741 1041 2790 Idem.

114 2814 647 2880 placidofueranttorporeomniaBartlr.
717 2825 748 2870 at
767 2820 902 2869 Idumaeam
923 2815 1133 2878 releuaregenrs]
1158 2816 1210 2865 Me·

145 2897 176 2942 21
196 2891 296 2955 Ignavi]
334 2896 406 2943 Nihil
428 2895 589 2945 inhonestum
611 2897 647 2945 iu·
684 2896 734 2946 lius
745 2896 813 2945 absit
826 2902 896 2945 totus
907 2893 949 2942 bie
960 2907 1056 2943 versus.
1077 2895 1150 2942 Idem.

113 2967 167 3018 fert
178 2969 227 3017 ista
245 2984 304 3028 vox,
325 2969 369 3017 sed
390 2970 519 3032 placidum
537 2977 564 3020 et
581 2971 608 3019 in
619 2986 646 3019 se
717 2972 853 3020 IIarnanam
874 2972 978 3018 relevare
994 2968 1083 3030 genas]
1118 2969 1209 3019 Nescio

115 3049 263 3108 torpentem
284 3052 424 3106 torporem,
441 3047 494 3095 sive
506 3055 535 3096 tu
547 3048 647 3110 quietem
685 3046 746 3110 quid
759 3048 806 3096 sibi
819 3047 881 3112 velit
900 3046 939 3094 vir
957 3044 1084 3106 eruditas,
1104 3046 1148 3110 qni
1158 3058 1211 3093 rer·

112 3120 302 3178 diceremavis,
319 3128 446 3169 exsortem
466 3137 583 3171 curarum
595 3138 647 3171 om·
684 3138 739 3172 sum
751 3124 818 3172 hunc
837 3120 1036 3185 expungendum
1056 3128 1156 3173 censet.
1178 3120 1210 3179 D,

113 3196 183 3245 nium
196 3202 223 3243 et
234 3198 357 3245 moeroris.
385 3199 491 3260 Jupiter
501 3207 587 3248 aretem
600 3201 645 3249 ini·
685 3199 769 3249 Heius.

117 3279 144 3321 to
156 3271 263 3332 imperio
280 3286 329 3320 non
349 3274 552 3322 amaveratillud
565 3277 645 3323 otium
716 3278 748 3323 38
766 3274 887 3336 Nullisqm
907 3272 1029 3334 exornem]
1056 3273 1102 3322 lta
1122 3271 1209 3337 scripti

119 3346 201 3411 patris
213 3347 327 3395 Saterrni.
683 3349 805 3413 potiores.
823 3350 897 3399 Idem.

151 3422 259 3484 Senium]
287 3423 422 3471 Placidam
439 3431 466 3473 et
485 3424 587 3474 minime
599 3425 645 3474 im·
715 3430 747 3474 40
765 3426 844 3473 Mores
858 3422 973 3486 moereo]
1000 3423 1063 3474 Noti
1083 3423 1121 3473 illi
1140 3425 1209 3473 velut

117 3506 250 3564 petuosam
263 3507 373 3548 aetatem.
392 3500 478 3549 Ba'rtb.
683 3501 830 3565 proverbio.
847 3500 934 3550 Bartb.

147 3580 179 3625 22
196 3577 302 3640 Sopilos]
324 3579 443 3627 Somnum
466 3585 493 3627 et
513 3586 644 3642 torporem
713 3584 746 3628 42
766 3577 968 3641 Erexisseeapat]
995 3578 1158 3640 sapientium
1174 3577 1210 3626 ri-

114 3659 143 3703 ut
166 3661 329 3710 excuterent,
347 3655 430 3702 coacti
448 3655 525 3702 rebus
545 3658 597 3704 suis
617 3661 644 3705 et
682 3673 768 3707 rorum
788 3665 975 3722 argumentum,
987 3656 1151 3720 sequendam
1167 3657 1208 3705 bo·

114 3729 193 3779 victui
206 3729 318 3791 parando
331 3730 473 3792 invigilare.
493 3731 567 3780 Idem.
681 3733 742 3781 mini
754 3734 846 3781 caelum
866 3731 988 3782 intuentis
1006 3731 1101 3793 capitis
1121 3728 1209 3779 nobili·

146 3811 178 3855 24
196 3806 269 3866 Seges
286 3807 451 3867 grandesceret
469 3806 545 3870 areis]
573 3808 643 3857 Ptin.
682 3814 845 3871 talemquese
863 3806 925 3854 nihil
938 3812 1053 3854 moretur
1063 3805 1164 3854 scilicet
1170 3803 1208 3866 ja·

113 3886 130 3934 l.
149 3898 230 3933 xvtu.
258 3883 418 3931 ‘Crescente
438 3883 496 3931 luna
514 3883 642 3934 frumenta
679 3884 793 3932 centium
804 3897 889 3931 rerum
901 3881 996 3942 sordes,
1007 3878 1206 3930 sedcoelumad·

113 3960 287 4024 grandescunt
297 3965 311 4007 ε’
331 3959 389 4008 ride
406 3967 432 4008 et
453 3962 558 4010 Festum
570 3962 595 4009 iu
606 3976 642 4009 se·
679 3960 780 4022 spirare
793 3958 891 4007 debent
903 3962 1050 4021 cognatum.
1067 3957 1145 4006 Idem.

111 4037 222 4086 mertinis
235 4036 318 4095 feriis.
353 4036 494 4084 Columella
513 4037 640 4085 etiamsic
719 4039 750 4083 tr
778 4033 893 4095 Cbamio]
936 4034 1043 4095 Epirum
1073 4032 1205 4096 glandibus

113 4111 278 4176 Ireqrrenter:
307 4111 399 4173 scripti
418 4117 503 4159 tamen
522 4111 564 4158 alii
583 4125 641 4170 gro·
678 4110 852 4159 abundantem
864 4125 910 4172 pro
930 4111 1060 4173 quercetis
1076 4109 1203 4176 quibusvis

109 4193 210 4238 meamet
222 4188 262 4236 rel
271 4192 417 4246 ranmceret5
441 4194 470 4237 ut
480 4185 551 4252 ,apud
562 4186 640 4239 Orid.
677 4186 768 4237 dicunt
777 4185 878 4237 Poeta.
895 4187 972 4237 Idem.
