2662 4696
119 308 207 378 1662
271 324 381 377 nom
405 326 606 376 vneronusr
631 326 671 375 ru
696 326 753 376 on.
775 326 1067 379 onsumxxv.

151 476 201 522 8⁶9
226 471 379 535 impensoque
402 471 485 533 resa]
508 470 647 534 Virgilius:
720 470 776 534 Pii]
793 471 903 521 Felices.
921 472 1029 522 Closer.¹

117 550 498 613 ‘Terribllisqualorechuron
515 547 648 612 eniplnri·
720 549 769 596 666
787 546 855 595 Tullo
874 546 984 609 mordis]
1010 547 1158 598 Intreutem
1178 549 1226 599 do·

118 638 162 674 rus
180 631 267 674 mento
294 626 412 675 Cenieies
438 625 535 674 inculte
557 623 648 688 joret!
686 638 756 673 muns
773 623 957 685 usdnujssre
976 625 1128 674 selutelrent
1147 640 1225 690 spon·

118 700 219 750 Auctor
231 701 378 764 nuptiarum
390 699 544 763 iuieliolem,
560 707 588 750 ut
602 699 648 750 du·
691 715 745 749 seur
769 701 856 764 pneri;
885 715 959 765 ques,
981 699 1043 748 dnm
1067 702 1222 750 concederet

118 776 188 840 piter
199 791 385 840 prosperorum.
415 777 504 825 Berlin.
690 775 816 834 cubitum,
833 775 972 825 movebant
986 783 1097 837 eursus‚‘
1109 792 1139 825 ne
1156 779 1221 827 nedi-

152 854 273 917 Isrpsusm
295 852 414 915 frusteris]
442 853 484 901 ltu
511 852 568 900 libri
592 849 649 902 iere
689 854 948 916 ressumthum,
965 867 1014 902 nee
1025 852 1113 902 minus
1125 855 1219 904 centio·

118 941 216 986 omues,
238 928 286 977 uisi
305 929 373 991 qrrod
390 930 414 976 in
435 928 587 990 qrribnsdsm
604 929 648 977 im·
688 944 747 979 uem
759 927 897 991 iterentur,
915 944 975 994 quer
994 929 1155 978 Fescenninus
1170 930 1217 979 dir·

114 1007 228 1068 plenem:
244 1005 312 1068 quod
323 1004 486 1053 doctissimus
502 1003 649 1053 Gronovius
689 1012 741 1068 tos,
751 1020 783 1054 ex
802 1006 898 1055 Cutnll.
919 1006 945 1054 iu
964 1005 1083 1068 Epitbsl.
1094 1006 1177 1054 Mullii
1191 1014 1215 1056 et

116 1079 242 1128 distribes
254 1080 445 1141 Sturieureeep.
457 1081 497 1126 17.
514 1079 647 1141 amplexus
688 1082 763 1143 Julii,
776 1088 804 1131 et
823 1081 949 1132 nostruin
967 1080 1034 1132 odis
1054 1082 1089 1132 ad
1108 1082 1211 1146 Epithel.

117 1161 167 1204 est.
199 1155 283 1215 Vulgo
303 1155 408 1217 impexos
428 1154 511 1203 erineo.
530 1154 648 1216 impexum
688 1159 810 1219 Eunoni,
821 1164 849 1208 et
857 1157 883 1206 in
893 1156 1134 1221 Epithalfflsuadit
1144 1159 1212 1208 etSe-

111 1232 217 1292 frontem
228 1232 304 1293 dixit,
311 1231 437 1296 quomodo
447 1230 569 1293 Virgilius
580 1232 588 1259 ‘
599 1231 647 1280 Cu·
688 1233 840 1296 renae,efine.
857 1233 992 1296 Dempster.

115 1308 207 1357 ultioni
218 1307 350 1357 incultum'
361 1307 393 1356 de
403 1306 493 1356 eodem
503 1306 647 1356 Charonte:
721 1309 823 1359 diuueru
833 1310 942 1372 suumin]
958 1310 1001 1359 Sic
1019 1309 1101 1360 iidem
1121 1311 1208 1375 seripll

113 1384 160 1433 'oui
171 1389 198 1433 et
210 1385 327 1447 impexum
346 1384 442 1433 bordone
458 1383 559 1433 Seneca
574 1383 649 1433 dedit
688 1385 828 1448 Vulgstnm
849 1388 937 1435 dsunt
952 1387 1036 1435 minus
1061 1389 1156 1450 piacet.
1174 1400 1208 1438 ιιι.

113 1461 233 1511 'Hercule
252 1462 384 1510 Forento:
402 1460 585 1524 ‘Peridusque
596 1473 648 1508 me·
688 1461 763 1511 Cous.
782 1461 850 1512 idon.
866 1461 968 1512 ‘Tertia
988 1463 1110 1512 Romulei
1120 1468 1207 1513 eumont

112 1550 162 1586 nes
179 1538 318 1602 squallidus
331 1543 418 1588 vectet
427 1552 516 1586 senex.
538 1537 648 1600 lmpere
687 1539 795 1587 exordis
805 1538 905 1589 fasces!
925 1553 963 1588 vs.
976 1539 1054 1589 Cone.
1069 1540 1206 1604 ‘Graisque

117 1615 215 1677 pendet
227 1613 325 1663 barba!
350 1614 384 1663 D.
396 1613 482 1662 Heius.
687 1616 797 1678 petratis
815 1615 922 1664 exordia
938 1630 1041 1665 sumere
1053 1615 1144 1664 bellis.'
1158 1614 1204 1664 Lii.

149 1693 195 1738 661
217 1690 366 1738 Processerut
377 1687 510 1751 Hesperu]
529 1687 599 1738 Ante
611 1688 660 1737 vi··
687 1703 717 1740 11.
729 1693 837 1754 Eutrop.
857 1692 928 1740 ‘aliis
944 1692 1052 1741 exordis
1071 1706 1142 1742 sume
1152 1691 1205 1755 rupi·

30 1796 36 1806 -
110 1778 173 1813 ¹sunu
189 1765 256 1814 enirn
273 1766 322 1813 hoo
342 1763 412 1813 sidus
429 1762 502 1811 netes
520 1763 648 1827 putebant
686 1766 744 1816 uis!
785 1767 880 1830 Virgil-
899 1767 943 1816 lib.
968 1780 1007 1816 ιν.
1033 1766 1112 1831 ‘qne
1137 1767 1203 1831 print
1244 1816 1246 1821 ,

117 1857 237 1906 sponsum
251 1842 329 1904 potiri
342 1856 443 1904 sponse.
460 1840 549 1891 Burtlr.
687 1842 794 1890 exordis
805 1849 887 1905 sumet
896 1841 914 1890 i’
925 1843 959 1890 D.
972 1842 1059 1893 Heius.
1109 1868 1113 1873 ·
1243 1824 1246 1847 ¹

150 1915 356 1979 SsusHerperss]
374 1917 461 1966 Noetu
474 1923 572 1966 tuntum
585 1932 648 1981 nup·
722 1917 842 1980 Exordiu]
859 1916 965 1966 Cantus.
984 1918 1073 1967 Burtlt.

110 1998 152 2043 'ter
175 1993 235 2041 olim
262 1992 423 2041 ducebantur
450 1991 482 2040 ed
510 1993 648 2041 meritum:
722 1994 769 2039 667
787 1993 982 2056 Nostruporers]
1000 1993 1090 2043 Potens
1099 1993 1204 2044 Alduret

109 2068 175 2118 lrlno
185 2068 319 2131 poetarum
327 2067 351 2115 in
358 2068 538 2132 Epithalamiis
546 2082 651 2131 preces,
689 2066 846 2115 membraneo
858 2066 981 2128 potiores.
1005 2066 1087 2118 Forte
1096 2071 1170 2118 Nocte
1174 2080 1205 2133 pr

115 2150 146 2194 ut
157 2156 207 2193 nox
218 2150 349 2208 properet.
382 2144 514 2194 Plutarch.
526 2147 610 2208 probi.
623 2160 646 2194 o.
689 2149 740 2191 teus
757 2145 838 2192 June.-
854 2142 982 2206 quomodo
1000 2144 1127 2207 Virgilius
1146 2144 1204 2196 ‘ile

116 2224 158 2270 66.
178 2235 211 2270 ex
229 2221 348 2270 Varrone
367 2221 440 2271 Serv.
461 2221 493 2270 ud
511 2222 566 2271 Ecl.
584 2235 648 2272 viu.
688 2226 763 2267 osten
779 2219 896 2282 ueloque
915 2217 1053 2282 Ereboque
1073 2216 1205 2283 potenteu'

116 2298 225 2361 Desuper.
687 2293 763 2343 dixit.
778 2293 843 2342 Mox
854 2293 968 2342 emula
979 2295 1067 2353 diruite
1077 2296 1205 2361 lsingrinur

148 2377 196 2423 862
212 2374 329 2437 Ducitur]
363 2373 490 2437 Nuptieie
521 2373 647 2435 verbum3
688 2374 717 2418 et
731 2369 845 2432 quinque
862 2369 961 2430 nostri;
978 2369 1057 2431 bene,
1071 2387 1122 2421 non
1132 2373 1206 2422 rerer.

109 2448 188 2498 nesus
199 2451 266 2498 euim
277 2451 356 2499 solam
367 2449 415 2498 ire.
432 2451 522 2498 Bertlr.
687 2445 732 2496 sie
751 2445 864 2508 Epithsl.
885 2445 971 2494 Celer.
987 2446 1095 2497 ‘Viuite
1115 2460 1207 2498 coneor-

148 2528 195 2573 sot
215 2525 366 2586 Tungrosque
374 2524 460 2586 cubile]
473 2526 544 2574 Note
551 2540 648 2575 morem
688 2521 734 2570 des
751 2528 780 2570 et
796 2529 910 2570 nostrum
928 2521 1021 2572 discite
1042 2525 1151 2575 munus?
1181 2522 1207 2574 nt

116 2614 166 2649 uon
178 2600 240 2647 setis
251 2601 423 2648 obseruatum.
443 2601 518 2650 Idem.
684 2597 733 2647 lib.
746 2610 776 2647 n.
787 2598 824 2645 ‘in
841 2598 943 2647 Stilieh.
958 2598 1047 2648 ‘Hine
1066 2600 1117 2650 fuit
1129 2608 1157 2651 ut
1168 2600 1208 2666 pri·

148 2677 196 2722 tut
215 2675 302 2722 Omine
316 2676 648 2736 perpetuogenilnliofoedere
687 2674 777 2723 nonin
793 2675 902 2739 conjuge
913 2675 1025 2725 disceret
1036 2678 1128 2740 ignes!
1143 2676 1209 2728 Doni·

112 2749 210 2811 euuxd]
228 2750 294 2800 Quis
306 2751 374 2798 enim
393 2753 476 2800 nescit
486 2754 611 2802 solemnis
621 2755 647 2802 in
687 2763 736 2812 que
747 2754 801 2798 sora
813 2751 929 2812 proonliu
943 2751 1010 2798 idern
1027 2751 1173 2816 leingrinur
1188 2757 1209 2802 et

116 2824 214 2888 nuptiis
226 2826 312 2874 omine
322 2825 456 2874 adhibita?
473 2827 582 2889 Dempst.
686 2841 719 2875 ex
731 2828 826 2876 uostris
836 2828 963 2891 plerique.
985 2830 1019 2877 D.
1032 2831 1123 2881 Heius.

150 2900 247 2950 Foedere
269 2900 357 2963 eruut]
389 2902 459 2964 Non,
486 2903 577 2951 nuxit.
610 2905 643 2954 D.
719 2907 766 2952 368
784 2903 883 2965 Ducite]
909 2902 1008 2953 Votum
1030 2908 1150 2969 nuptiale
1173 2911 1209 2957 ent

115 2973 206 3024 Heius.
684 2978 883 3040 matrimoniale,
893 2979 1012 3042 qualibus
1024 2982 1210 3035 adornabuntur

148 3056 195 3109 366
216 3053 274 3100 Cum
292 3051 357 3114 uoce]
373 3051 459 3115 Supru
475 3055 553 3103 etiarn
569 3054 645 3115 dixit,
685 3053 863 3116 Epithalamis.
880 3054 967 3105 Burin.

115 3142 169 3176 eum
181 3129 290 3175 carmine.
323 3128 403 3177 Quasi
423 3142 474 3176 non
491 3128 646 3178 setisfnerit
717 3133 765 3178 872
783 3128 905 3192 Prossrte]
924 3130 1082 3192 Producite,
1099 3135 1127 3184 in
1144 3140 1210 3186 aeler·

115 3200 213 3249 nmbris
230 3202 357 3257 exultare,
372 3201 419 3249 uisi
431 3210 457 3249 et
469 3203 562 3265 linguis
577 3203 646 3254 fuve-
685 3219 746 3253 unm
757 3204 914 3268 protendite.
948 3205 1007 3256 Hoc
1025 3209 1096 3259 euim
1111 3212 1209 3262 reuben

116 3282 170 3327 unt.
192 3276 300 3325 lubunc
319 3290 372 3324 rem
391 3277 483 3341 Virgil.
501 3279 584 3326 ‘Pers
602 3295 646 3340 pe·
685 3280 787 3342 longum
799 3281 891 3329 seriem
904 3288 988 3331 notet.
1021 3285 1208 3338 i'otnmenten

115 3353 189 3402 dibus
206 3353 344 3417 plaudunt,
360 3352 467 3403 choreas
486 3360 514 3403 et
530 3355 646 3404 cumino
683 3355 838 3418 nuptialium
847 3370 971 3407 summum
980 3360 1120 3423 productio
1127 3365 1208 3414 libero·

114 3428 221 3485 dienut.’
686 3443 751 3480 rum.
768 3430 844 3483 Idem.
