2662 4696
174 326 267 399 1708
331 343 440 394 nora
464 343 664 393 russonum
688 342 727 391 ru
743 313 809 393 aa.
831 336 971 392 ossan.
994 335 1138 392 xnrrsr.
1196 320 1198 325 ’

174 488 294 553 pellens:
312 492 342 537 ut
363 486 432 550 apud
451 485 545 550 virgil.
560 485 713 548 ‘totamque
750 478 1138 532 elroflstubievurtisneetia’
1160 482 1265 534 :blunt
1300 506 1303 541 ;

175 563 270 619 ,lususs
281 571 410 627 perettus
422 563 498 612 Mens
511 561 592 625 agitat
601 557 712 610 molem!
749 571 802 607 mss
813 572 914 621 quoque
922 561 1029 607 tenueere
1039 566 1069 608 et
1078 559 1202 622 sptrsssss
1210 567 1268 611 rarat

176 640 219 698 ἰ),
231 639 317 690 Heius.
750 638 846 683 auster.
880 632 972 682 Cicero
987 633 1113 683 Arateis:
1129 636 1271 701 ‘Namque
1303 663 1328 687 κ

217 719 249 764 19
264 715 478 776 deperareeretasr
496 727 516 760 e.
527 711 651 773 admenta]
669 711 715 761 As·
753 723 808 757 rum
820 709 914 770 stirpes
922 709 999 757 tellus
1008 711 1272 774 amplexaprehendll,
1305 751 1306 776 p

178 806 248 856 ¹pern
276 791 407 849 alimenta,
436 788 513 850 rigidi
542 786 606 836 ferri
632 788 717 848 scobs,
752 783 1272 847 Heeeaugeusanimaritallllaminemal·

174 866 241 931 ⁴alne
258 880 308 930 qua
328 853 422 929 perire'
429 864 501 913 aiunt
514 863 626 925 magneti
638 863 715 911 vires.
753 859 812 908 cet!
844 858 972 908 Ausonius
984 860 1010 908 in
1024 861 1145 910 Mosella
1159 862 1193 910 de
1211 862 1274 911 Disr-

184 941 274 991 Burtls.
753 936 832 984 abere
845 935 1005 985 architecto:
1027 936 1275 987 ‘Jussusubineerti
1308 924 1331 978 Ἢ

177 997 182 1007 ’
221 1014 343 1077 Vigorem]
363 1015 477 1076 Vaporem
486 1014 582 1065 Mureti
592 1013 664 1063 liber.
681 1012 717 1063 D.
754 1010 937 1074 quiquondam
952 1008 1036 1059 foedus
1052 1013 1154 1069 ausoris
1163 1010 1276 1061 Arsinoit
1309 986 1331 1046 Ῐ

179 1082 273 1152 ‘Helm
755 1086 843 1136 Pharii
851 1086 985 1149 suspendit
994 1087 1020 1136 iu
1036 1086 1102 1136 ae're
1113 1089 1223 1152 templi:
1234 1087 1276 1152 Spi·

218 1172 251 1216 20
268 1167 398 1215 Morientiu
414 1170 506 1228 torpent
519 1165 628 1214 Membro
638 1163 719 1227 farne]
756 1171 798 1213 ret
806 1164 875 1212 enlm
887 1164 952 1212 teeti
961 1163 1097 1213 testudine
1108 1163 1277 1213 oborusAela·

189 1242 308 1292 Thaletis
325 1242 452 1303 doctrina,
470 1242 584 1304 magneti
597 1255 654 1289 esse
666 1241 719 1289 ani·
756 1247 806 1298 tes,
821 1237 1005 1303 adflatamque
1018 1241 1100 1289 trabit
1111 1239 1213 1291 ferrato
1223 1241 1278 1290 etitt
1310 1230 1331 1274 Ι

178 1334 266 1375 ‚mem
301 1319 349 1366 Est
362 1332 422 1366 reru
432 1324 461 1365 et
471 1316 572 1379 species
583 1317 720 1378 magnetis,
757 1314 893 1378 puellam:’
918 1315 962 1363 ubi
973 1315 1098 1365 Achaten
1112 1333 1162 1380 pro
1175 1322 1278 1381 magdeb
1313 1342 1314 1346 =

182 1412 248 1463 ,quaa
260 1395 355 1445 t'erruns
377 1394 489 1457 repellit,
505 1409 563 1442 cum
582 1395 664 1443 altera
683 1408 721 1442 re-
757 1393 1000 1454 videturposuisse3
1017 1393 1064 1442 sed
1078 1395 1279 1457 tegendumls'sr
1312 1381 1331 1426 Ι

189 1472 311 1523 traxerit.
344 1469 582 1519 Miobalesellus.
599 1470 687 1525 Boea.
756 1470 877 1521 drudes:
892 1475 923 1518 ut
934 1469 1002 1531 apurl
1014 1468 1150 1519 Stetisrm:
1168 1468 1280 1534 ‘Jssptls
1313 1456 1331 1499 Ι

220 1549 253 1596 22
270 1543 378 1606 Mauors]
391 1545 532 1606 Complexus
542 1544 631 1592 horum
644 1546 721 1592 simu·
757 1547 841 1595 clarus
851 1545 922 1594 an!
952 1547 1044 1595 Cborsss
1055 1547 1109 1596 iste
1122 1544 1280 1610 Acbaterqsil

188 1618 317 1672 lucrorum
331 1619 475 1681 conjugium
493 1619 588 1666 Martia
600 1626 626 1666 et
637 1619 723 1666 Vene-
757 1622 1140 1682 sibinellanemonusdueuit.
1175 1621 1280 1672 Bertlsiu

188 1695 224 1746 ris
243 1695 333 1743 lusisse
355 1693 502 1742 sacerdotes
519 1694 544 1741 in
563 1709 593 1742 eo
610 1693 722 1756 Templo
759 1698 902 1761 reponebat
913 1703 993 1746 torusss
1001 1698 1117 1747 Aebutes.
1135 1699 1231 1747 Verius
1239 1710 1280 1758 nus,

190 1775 317 1829 autumat,
336 1776 365 1816 ut
385 1767 491 1816 infinitis
510 1768 603 1816 talibus
614 1769 723 1818 Veneris
760 1775 908 1836 utopinur:
928 1788 960 1821 ex
972 1772 1164 1837 Indiaquippe
1185 1773 1279 1822 omniur

189 1846 291 1895 fabulas
303 1845 459 1906 spectandas
471 1843 630 1892 exhibebant
642 1858 724 1907 popa·
746 1849 987 1912 praestantissimas
999 1849 1129 1912 ejusmodi
1140 1850 1243 1914 generis
1250 1847 1281 1897 sd·
1315 1832 1331 1875 Ι

190 1920 228 1972 lo.
261 1922 387 1981 Magnete
411 1925 498 1967 autem
525 1917 648 1982 ferroque
673 1919 724 1967 alia
760 1922 823 1972 ferri
850 1937 963 1986 gemmas
983 1925 1010 1972 in
1037 1923 1158 1974 confesso
1181 1931 1231 1974 est.
1255 1924 1280 1973 D.

190 1996 267 2059 bajus
279 1995 379 2057 generis
388 1994 448 2041 olim
458 2008 505 2057 pro
515 1994 639 2057 prodigiis
645 1993 723 2043 faeta.
762 1998 848 2049 Heius.

190 2070 306 2120 Isidorus
327 2069 403 2132 Orig.
418 2069 462 2118 lib.
483 2074 671 2131 xv1.eap.20.
691 2084 724 2118 ex
793 2079 826 2124 28
843 2074 918 2125 Ducit
928 2076 1029 2139 flam
1046 2074 1141 2136 choros]
1160 2075 1214 2122 Pax
1231 2087 1281 2136 nup-
1318 2056 1331 2104 Ι

192 2144 257 2194 aliis.
291 2143 452 2205 Augustinus
471 2143 519 2191 lib.
539 2156 600 2192 xxi.
622 2157 679 2205 cap.
699 2147 724 2191 6.
764 2150 838 2198 tialis.
858 2149 1282 2199 Nonenimoommittebsnturss·
1319 2123 1331 2180 i

191 2218 226 2269 de
237 2219 316 2269 civit.
332 2218 397 2266 Dei:
414 2217 511 2266 ‘Unde
523 2214 620 2266 factum
632 2225 682 2277 est,
696 2225 726 2267 ut
763 2225 871 2289 riquinus
887 2221 1284 2288 napstaecttssproelstasfssss,
1320 2213 1331 2255 ¹

190 2293 462 2364 jnqnodum'lemplo
475 2293 604 2356 lapidibus
623 2308 726 2356 magne·
762 2299 1207 2364 autalioquinignisministeriusn.
1252 2330 1256 2335 -
1322 2288 1331 2320 ¹

192 2372 262 2422 tibus
273 2372 298 2419 in
310 2371 365 2420 solo
375 2378 401 2418 et
412 2370 437 2418 in
447 2384 549 2418 camera
559 2371 726 2433 proportione
795 2376 879 2438 Mprto
889 2374 986 2423 Limisa
995 2366 1139 2436 cinguntur]
1151 2373 1285 2423 Utrolitnu
1323 2366 1331 2410 Ι

190 2446 376 2510 magnitudinis
389 2445 490 2508 positis,
498 2447 663 2495 simulacrum
674 2445 727 2494 ier·
763 2450 923 2512 nuptialibus
935 2447 1018 2497 festis.
1035 2437 1126 2498 Barth.

189 2538 267 2574 ,reum
279 2522 346 2570 aeris
367 2521 435 2568 illius
456 2521 540 2569 medio
553 2522 621 2570 iuter
633 2528 727 2573 utrum·
794 2529 827 2574 80
843 2525 956 2574 Floribus
968 2529 992 2573 et
1003 2524 1132 2587 tbolomos]
1162 2526 1287 2575 rtrum

190 2611 246 2662 ‚que
266 2595 390 2659 lapidem,
410 2595 586 2657 ignorantibus
599 2597 661 2659 quid
672 2610 727 2644 sur·
762 2602 883 2651 meliores
907 2607 1004 2664 praeter
1031 2599 1109 2662 prim.
1137 2603 1288 2651 Vaticanum.

194 2685 251 2735 sum
264 2676 333 2719 esset
345 2676 372 2719 et
383 2669 514 2729 deorsum,
526 2673 598 2734 qssasi
615 2673 726 2722 numinis
763 2678 797 2727 D.
815 2677 901 2726 Ham.

190 2744 482 2810 ,potestatependersa’
500 2747 575 2794 Idem.
795 2750 902 2813 Detulit]
941 2750 1057 2812 Dutalis,
1084 2752 1184 2801 Latinis
1213 2752 1289 2819 etiam,

227 2823 260 2869 24
279 2818 416 2868 Communis
436 2818 529 2881 templi]
573 2820 727 2884 Cunjugium
766 2843 823 2891 quse
835 2828 943 2877 maritus
956 2833 1001 2876 aut
1016 2842 1242 2892 sponsussponsae
1253 2841 1288 2876 ux·

195 2893 293 2944 Martis
304 2900 332 2942 et
339 2892 451 2942 Veneris
459 2899 511 2941 tam
520 2894 688 2944 Planetarnm
701 2899 729 2945 il·
767 2903 838 2951 urive
850 2901 965 2951 confert.

195 2971 279 3020 larum
291 2969 416 3018 suavioris
429 2977 528 3018 naturae
541 2972 638 3034 prolem
651 2971 730 3022 deno·
800 2978 912 3039 Purpura
922 2976 997 3038 uelut]
1013 2978 1173 3029 Exstruetus
1191 2989 1291 3043 purpure

175 3052 247 3108 tet,
269 3060 344 3110 quam
366 3045 445 3093 robur
474 3045 567 3107 ipsum,
594 3049 730 3097 strenuitas·
769 3054 902 3103 thalamus.
920 3053 1009 3103 Bortb.

197 3129 259 3182 tens,
266 3119 451 3180 fortitudinem,
461 3122 599 3182 temperari
609 3128 732 3185 oportere
801 3132 833 3177 32
850 3127 941 3190 Sponte
957 3128 1034 3189 rupit]
1071 3128 1192 3178 Atti-anit
1211 3129 1293 3178 violer·

198 3196 416 3258 otio‚roluptute‚
432 3194 577 3244 clementia.
611 3197 731 3247 Indidem
770 3211 819 3254 ter.
852 3202 1013 3266 Augustinus
1031 3202 1064 3252 de
1085 3205 1166 3255 civit.
1180 3204 1229 3254 iib.
1245 3213 1293 3253 xxt-

198 3288 254 3338 prae
274 3272 371 3321 Amore
388 3274 487 3321 stellam
510 3275 604 3325 Martis
623 3278 732 3327 Veneris
770 3283 863 3341 capt.
1268 3294 1289 3313 '-

194 3349 270 3409 ,sidus
281 3350 354 3412 sequi
364 3349 463 3398 dicunt.
805 3353 909 3414 (totique
931 3351 1021 3415 erosos]
1065 3353 1119 3402 Ubi
1148 3353 1293 3405 evniat!

230 3423 424 3488 Auratitempls']
450 3427 490 3481 Ex
512 3426 591 3476 Fastu
609 3428 732 3478 Romanae
769 3430 850 3478 Marti
861 3443 962 3478 annexa
973 3438 1078 3493 reperta
1089 3427 1216 3482 staffin-
1241 3430 1294 3487 M
1320 3459 1322 3462 >

195 3501 399 3568 superstitionis.
418 3502 507 3550 Burtb.
771 3505 843 3554 tisias.

152 3587 157 3591 '
199 3628 202 3632 ,
230 3583 264 3628 26
280 3579 525 3640 Magnetieogemmo
533 3579 641 3644 figurat]
672 3583 734 3631 Tur·
804 3585 834 3629 86
856 3581 935 3644 Viris]
952 3581 1032 3630 Viros
1048 3582 1160 3632 maxime
1172 3577 1299 3634 referend-
1327 3588 1329 3593 “

199 3655 273 3705 uatili
286 3656 402 3703 materia.
421 3656 498 3705 Idem.
772 3657 829 3705 bus.
845 3656 921 3704 Idem.

231 3732 373 3793 Magnetien
393 3747 487 3791 gemma
509 3732 617 3796 figurat]
661 3733 734 3782 Unus
805 3736 837 3780 36
853 3731 998 3793 Spisumr'ris
1008 3731 1074 3794 actu]
1104 3733 1298 3797 tenultatem

197 3808 273 3875 ¹Med.
286 3815 313 3855 et
325 3804 462 3855 Heiniens.
473 3809 663 3868 magnetioralii
673 3823 735 3857 nun·
773 3805 848 3866 bam;
872 3821 940 3855 nunc
954 3811 1038 3854 eoestu:
1063 3808 1195 3870 quomodo
1215 3809 1299 3859 Laos

201 3884 266 3934 nulli
277 3883 421 3945 moguetido.
439 3882 519 3930 Forte
532 3885 734 3947 magnesiu,·qnu·
773 3882 824 3930 tius
837 3896 918 3944 saepe,
935 3880 979 3928 ubi
999 3882 1031 3929 de
1048 3889 1171 3944 magnete
1183 3884 1247 3946 egit.
1263 3877 1299 3930 ll

199 3960 401 4024 moestuosos.
422 3958 467 4006 lib.
480 3972 516 4009 rr.
534 3959 670 4022 ‘Magnesi
691 3957 736 4006 fla·
773 3957 823 4004 totu
834 3972 849 4004 a
862 3955 1011 4004 Buslidiauu
1023 3955 1113 4004 codiee
1122 3957 1300 4008 euufirsustut.

199 4033 372 4092 minesaxi3'
391 4033 507 4082 sicenim
529 4034 737 4096 legendumve]
775 4033 808 4081 D.
825 4031 909 4080 Heius.
1270 4035 1297 4069 .·ῑ

198 4107 428 4179 paugaesiufiumine
439 4123 509 4169 sonu,
520 4108 687 4170 abusionum,
696 4109 738 4157 vel
807 4112 838 4156 37
857 4109 958 4156 Gemma
968 4108 998 4155 de
1008 4106 1118 4170 assuage]
1147 4106 1301 4160 Amasenus

200 4184 301 4253 emino.
324 4183 424 4233 Noster
437 4197 529 4247 supra:
548 4183 737 4243 ‘Pectoralas-
773 4184 885 4246 Magnes
897 4181 1002 4232 ferrum.
1019 4183 1108 4234 Baetis.
