2662 4696
352 182 404 236 ult
428 170 554 236 RAP'I'U
579 186 828 238 PROSBRPINAE
853 188 927 238 lun.
949 189 975 238 1.
1134 172 1222 241 1637

115 327 218 381 umbra
234 328 355 393 gigantea.
372 329 462 394 scripti
481 328 601 378 meliores
613 333 652 378 ta·
721 334 770 380 lto
796 330 924 381 Volcaniae
944 329 1021 394 iguis]
1061 330 1172 383 Putcau.
1192 339 1222 383 et

116 420 174 456 ineu
184 411 266 468 terga.
287 405 320 455 b.
332 405 424 455 Heius.
688 421 754 455 unus
766 406 858 456 Petav.
869 407 958 464 urrais:
968 407 1083 471 optime:
1095 422 1146 472 qna
1157 421 1221 458 roca

143 486 193 531 164
213 481 342 542 anreno·
352 485 445 542 pectore
453 478 560 542 carptae]
577 478 652 528 Vari·
688 481 766 530 etiarn
778 497 838 531 usus
846 483 956 531 Severus
967 482 993 530 in
1005 484 1081 531 AEtna
1091 498 1098 532 ε
1110 483 1221 534 ‘Donec

116 564 160 607 ant
172 558 255 607 libri:
273 557 319 606 sed
331 557 392 605 nibil
403 563 482 605 muta.
505 557 564 604 Vel.
576 557 650 605 Flac·
688 555 816 608 confluvio
828 559 952 608 revolutis
963 559 1067 609 aestibus
1076 559 1157 608 amnis
1168 558 1221 608 Ex·

112 650 168 698 eus,
177 635 213 684 ‹le
221 634 363 698 Typhoeo:
374 638 467 682 ‘sacras
476 641 652 682 removentem
687 635 739 696 ilii,
751 642 828 699 atque
847 634 935 685 furens
958 642 1015 686 tota
1033 636 1113 685 vomit
1130 637 1220 699 igneus

111 710 368 777 pectore'flammar!
403 709 649 760 SeverusiuAEtna:
687 710 788 761 AEtna2’
804 713 966 762 biucundcru
977 714 1054 762 AEtoo
1071 713 1180 774 Virgilio
1193 718 1221 771 et

111 789 246 853 ‘Gurgite
257 787 391 837 Trinacrio
406 787 559 836 morientem
576 786 651 850 Jupi·
688 789 802 837 Lucano.
836 789 1078 838 Rcdnrrdcusnostro
1090 787 1221 852 inldyllio

110 872 149 914 ter
166 866 249 915 AEtua
267 865 366 914 Obruit
388 862 563 912 Enceladum:
582 865 650 914 vasti
687 863 720 912 de
732 865 781 928 piis
792 863 925 915 fratribus.
952 865 1044 916 Senec.
1058 864 1220 930 Hippolyto:

111 941 153 1006 qui
166 941 287 1005 pondere
300 941 394 990 montis
406 941 518 1001 AEstuat,
534 946 563 989 et
574 947 649 1004 patu·
685 939 785 1004 ‘qualis
794 940 985 1005 AEtnaeovapor
995 939 1224 993 Exundatantro?

112 1017 140 1065 lic
149 1018 274 1080 exspirat
283 1015 499 1078 faucibusigues!
518 1016 592 1065 Idem.
668 1050 672 1058 ι
686 1015 795 1076 ncraptr
802 1015 874 1080 πρὸς
883 1018 939 1081 pari
950 1018 1027 1067 modo
1035 1017 1105 1081 apud
1117 1015 1220 1084 AEacbyss

141 1098 192 1142 155
212 1094 248 1141 Et
266 1095 356 1155 quoties
374 1091 502 1154 detrectat]
526 1092 648 1156 isingrin.
685 1093 738 1141 lum
751 1093 846 1143 alicubi
867 1095 982 1145 occurrit
1000 1095 1027 1143 iu
1045 1095 1219 1145 Prometheo:

111 1170 222 1230 deiectat.
256 1169 451 1229 Putareiectut;
468 1169 649 1219 nonenimde·
685 1167 869 1217 ‘flammarum
897 1154 1005 1219 fldeuta’
1046 1169 1159 1234 Apuleio
1186 1171 1221 1220 de

106 1245 181 1306 lertct
190 1259 199 1291 .·
215 1245 352 1308 sequentia
373 1243 495 1308 probant,
515 1245 567 1292 ‘In
588 1245 648 1294 dex·
686 1243 802 1306 Mundo;
819 1251 847 1294 et
863 1242 1039 1295 ‘flammarum
1050 1245 1175 1310 ilumina‚'
1186 1247 1220 1298 de

113 1329 181 1370 trum
193 1322 340 1384 laevumque
351 1319 438 1369 latus!
469 1321 649 1386 Seneca'l'hy·
686 1319 885 1383 AEtna,quaeex
903 1320 997 1370 Graeco
1008 1319 1124 1370 feliciter
1135 1327 1219 1372 traus-

112 1403 186 1448 esre:
205 1399 285 1446 ‘nuru
304 1397 405 1460 rejecto
422 1399 503 1449 Latus
520 1400 649 1462 explicuit
687 1396 762 1445 tulit:
790 1395 903 1444 ‘nudam
922 1397 999 1460 ignis’
1017 1404 1109 1446 auctor
1127 1397 1220 1450 AEtuae.

112 1474 379 1539 monte'l'ypboeusi'
396 1476 473 1526 Idem.
686 1473 816 1536 Lucanus,
831 1472 897 1521 libro
915 1486 953 1523 vr.
970 1472 1050 1521 ‘cum
1062 1478 1120 1521 tota
1130 1487 1221 1523 caver·

144 1552 246 1607 Quoties
262 1553 379 1611 detrectat
394 1551 464 1613 onus]
490 1552 559 1602 Hinc
577 1554 648 1617 egeri
685 1561 732 1596 uas
743 1548 844 1610 Egerit,
865 1555 893 1597 et
904 1555 1004 1599 torrens
1015 1549 1041 1597 in
1055 1563 1159 1613 campos
1173 1544 1221 1601 dess

111 1626 154 1676 illa
171 1643 236 1676 saxa
256 1635 284 1676 et
300 1626 416 1676 flammas
438 1644 480 1678 eas
499 1629 647 1693 fingebant:
685 1622 744 1673 fluit
769 1624 873 1674 &¹¹aess
917 1625 1000 1675 Valde
1021 1626 1155 1675 luxuriant
1176 1626 1219 1678 hie

112 1702 273 1752 uudeOvid.
290 1703 648 1771 ‘Nititnrillequidem,ren·
685 1702 778 1750 Ροὲῑὶθ
807 1703 905 1752 Graeci·
927 1702 1059 1752 Pindarus
1078 1703 1162 1767 .Py¹¹¹·
1189 1709 1218 1755 A.

113 1782 205 1840 tatque
217 1790 354 1840 resurgere
363 1778 450 1841 saepe!
467 1780 555 1830 Bartli.
684 1779 732 1827 'rios
742 1777 877 1841 ipsi-porra:
887 1777 931 1839 μὲν
947 1776 1056 1827 ἀπλάτου
1066 1777 1138 1842 πυρὸς
1149 1776 1220 1840 ἀγνό-

143 1855 192 1900 161
211 1852 343 1914 luigero·
352 1853 453 1916 nimbos]
478 1857 517 1904 Eo
529 1856 588 1905 loco
604 1871 648 1906 ua·
684 1855 886 1916 revertemur
900 1854 985 1916 παγαί·
1002 1854 1106 1916 ποταμοὶ
1124 1854 1145 1902 δ’
1163 1853 1220 1915 ἁμί-

112 1933 161 1980 los.
171 1929 256 1991 Idem.
684 1949 748 1997 ροισι
758 1931 802 1994 μὲν
811 1930 939 1996 προχέοντι
956 1929 1010 1994 pter
1020 1931 1110 1980 καπνοῦ
1119 1930 1204 1980 atton
1212 1949 1231 1993 3·

143 2008 193 2054 162
211 2003 321 2053 stenae
336 2009 402 2054 astro
421 2007 524 2070 lacessit]
550 2009 647 2058 Putea·
684 2025 741 2079 quae
754 2010 903 2059 Macrobius
915 2009 1055 2058 etnotarit
1074 2008 1177 2059 saturn.
1193 2021 1220 2058 r.

111 2096 176 2130 neus
194 2081 314 2142 molitas,-
329 2089 418 2131 recte:
437 2082 469 2130 de
489 2085 558 2133 sanis
578 2086 647 2134 enirn
685 2101 744 2148 cap.
765 2090 804 2134 17.
821 2085 965 2148 ‘Virgilius
983 2084 1087 2148 quidem
1111 2083 1220 2133 Graecos

112 2158 175 2222 agit,
186 2172 244 2222 qum
256 2172 290 2206 ex
306 2157 382 2206 AEtua
392 2159 537 2221 prosiliunt.
570 2162 648 2210 Seve-
685 2161 772 2211 fontes
794 2162 920 2221 imitatus,
940 2160 1013 2222 ignes
1040 2159 1163 2220 eructari,
1191 2164 1220 2209 et

111 2249 153 2284 rus
172 2236 198 2285 in
217 2237 311 2286 AEtna:
327 2237 458 2287 ‘Pellitur
477 2245 576 2289 exusta
594 2242 648 2302 glo·
685 2236 767 2286 fluere
778 2251 866 2286 amnes
878 2235 951 2296 furni,
962 2233 1159 2283 etflammarum
1169 2232 1219 2282 ful·

111 2320 229 2364 meratus
248 2315 351 2364 nimbus
375 2330 478 2376 arenae3
495 2317 647 2379 Flagrantes
685 2329 719 2361 va
729 2320 757 2361 et
770 2311 1021 2362 tortuosavolumina
1030 2311 1057 2358 iu
1065 2310 1154 2373 plagas
1167 2323 1221 2382 maj

111 2398 257 2454 properant
276 2390 375 2441 moles!
419 2392 498 2441 Paria
517 2393 597 2442 habes
620 2400 648 2442 et
685 2389 721 2437 ris
731 2387 805 2450 ferri,
816 2389 888 2452 quasi
900 2386 1024 2452 quosdam
1032 2387 1122 2450 igneos
1130 2399 1220 2436 amnes

111 2465 181 2533 apud
193 2466 341 2530 Virgilium,
357 2467 479 2516 AEneidos
491 2468 585 2518 tertio:
603 2485 648 2519 cu·
685 2464 769 2514 dixit!
800 2466 884 2514 Vetus
895 2463 982 2514 Po'e'ta
993 2464 1062 2528 apud
1075 2462 1219 2528 Longinum

107 2541 152 2604 jus
172 2542 317 2591 imitatione
339 2545 430 2607 plenus
449 2544 492 2592 iric
508 2545 589 2593 locus.
612 2546 647 2597 D.
683 2539 737 2604 περὶ
754 2539 825 2603 ὕψους
836 2542 869 2590 de
880 2539 984 2589 flamma
995 2555 1072 2603 agens
1082 2536 1220 2598 *bffldmt

110 2616 197 2667 Heius.
685 2615 821 2679 χείμοῤῥον,
837 2617 910 2679 quasi
930 2623 1083 2678 torrentem,
1096 2616 1219 2680 appellat.

143 2697 192 2743 lus
210 2693 376 2757 Scitsernorc]
392 2696 494 2745 Servat.
510 2698 599 2747 Bortlr.
686 2693 764 2757 Apud
776 2693 904 2742 Alcimum
914 2692 1031 2756 Avitum,
1039 2694 1106 2742 libro
1115 2706 1158 2743 111.
1168 2706 1220 2742 non
1277 2695 1280 2703 '

142 2770 244 2818 Servare
253 2771 342 2834 fidem]
371 2771 447 2820 Fides
466 2773 502 2820 nil
519 2773 589 2822 aliud
605 2773 647 2823 bic
686 2770 762 2832 longe
775 2770 806 2816 ab
825 2768 898 2816 initio
917 2769 987 2816 lucus
1006 2774 1055 2830 est,
1075 2768 1120 2816 ubi
1138 2766 1220 2817 Sodo-

109 2845 251 2910 siguiticat,
262 2861 336 2910 quam
349 2845 434 2896 foedus
452 2848 648 2898 elementorum.
684 2861 752 2895 mam
763 2844 965 2908 conflagrantem
976 2844 1110 2907 describit,
1125 2845 1219 2908 plenus
1267 2877 1271 2885 -

142 2925 290 2984 Pariterque
310 2924 416 2987 scottiis]
451 2925 516 2974 Cum
541 2924 646 2976 favillis.
686 2921 863 2972 audacissimis
879 2921 1106 2970 translationibus:
1125 2919 1171 2970 sed
1189 2919 1219 2970 li-
1314 2914 1317 2919 ¹

112 2997 202 3048 Bortlr.
685 2998 732 3047 ber
743 3013 793 3047 nou
805 3004 845 3047 est
861 2998 894 3046 ad
913 3012 1024 3046 uranum.
1056 2995 1220 3060 ‘lgnesirrl-

143 3078 194 3123 167
204 3074 367 3140 Fumofldeli]
379 3075 438 3124 Non
448 3076 525 3124 noxio
536 3075 647 3127 nivibus.
685 3074 762 3137 guos'
778 3073 858 3123 habes
879 3072 947 3137 apud
960 3074 1083 3122 Severum
1095 3073 1120 3121 in
1132 3073 1220 3135 AEtua,

110 3150 188 3217 idem.
685 3156 713 3200 et
729 3151 923 3200 ‘exundantem
941 3147 1088 3210 flammam,'
1107 3154 1136 3198 et
1154 3147 1219 3197 “un-

143 3229 194 3276 168
210 3225 317 3288 Lomdit]
333 3227 450 3275 Molliter
461 3227 574 3290 attingit.
684 3226 744 3275 dam
756 3226 840 3289 ignis!
861 3225 1053 3273 ‘Flammarum
1066 3222 1218 3273 torrentem'

145 3302 292 3366 Contiguus]
314 3303 426 3353 Vicinus.
443 3304 533 3354 Bortls.
683 3304 759 3353 Silius
770 3303 890 3363 Italicus,
902 3301 968 3350 libro
979 3314 1034 3350 xiv.
1046 3300 1090 3350 ubi
1100 3301 1133 3349 de
1141 3300 1219 3351 AEtua

144 3381 195 3426 169
214 3379 274 3432 Quoe
295 3380 400 3442 scopulos
418 3384 535 3429 truncato
554 3380 648 3443 rotant]
684 3379 749 3442 agit.
765 3378 890 3442 Virgilius
910 3375 942 3424 de
955 3373 1219 3426 Cacoflammamvo·

109 3454 154 3503 Sic
167 3455 363 3518 prestantiores
373 3455 443 3517 libri,
454 3462 481 3504 et
492 3460 647 3519 moxglome·
685 3462 782 3518 mente,
798 3456 807 3483 ⁸
818 3468 868 3518 quc
880 3453 1005 3517 plurimus
1015 3452 1110 3502 undam
1121 3453 1219 3503 Fames

107 3536 166 3579 ruat
176 3536 205 3578 et
215 3530 274 3579 ruit.
284 3529 413 3579 Severus:
424 3531 518 3581 ‘Nunc
528 3533 647 3597 quoniam
684 3531 754 3595 agit!
788 3530 897 3580 Gratius
909 3529 948 3579 de'
959 3530 1093 3581 Vulcano:
1110 3530 1218 3593 ‘ruptu-

111 3605 136 3654 iu
149 3608 422 3670 promptu·estoperic
433 3611 647 3673 naturasoliqne3
686 3621 735 3673 que
757 3623 771 3656 e
795 3612 905 3671 pectore
922 3605 1017 3653 montis
1038 3603 1120 3653 Veult
1138 3617 1218 3652 ovans

111 3682 189 3730 Unde
210 3682 262 3745 ipsi
280 3683 361 3743 venti,
381 3699 438 3747 quae
461 3698 501 3734 res
528 3686 649 3737 incendia
686 3683 790 3747 austris,
808 3690 837 3733 et
853 3684 936 3732 multo
955 3681 1061 3730 flnmlne
1081 3677 1219 3730 flamme?

109 3757 204 3821 pascit,
216 3757 270 3806 Cur
279 3759 364 3808 subito
372 3760 495 3810 cohibent
504 3760 580 3825 vires,
590 3778 647 3828 quae
682 3759 731 3809 ubi
741 3775 814 3808 cocus
824 3759 890 3808 oriris
900 3758 1018 3807 fortassis
1029 3755 1177 3819 legendum,
1189 3761 1219 3807 ut

113 3848 192 3884 musa
208 3835 312 3898 silendi,
325 3835 502 3902 Subsequor?
519 3840 647 3902 quomodo
683 3834 822 3884 ‘fulminis
845 3832 922 3883 aura’
950 3832 1019 3895 apud
1048 3830 1163 3894 Poetas3
1189 3839 1219 3883 et

110 3910 155 3960 illa
165 3912 320 3975 castiganda
329 3918 390 3962 snut
406 3928 439 3963 ex
451 3915 534 3964 reteri
546 3915 647 3968 codice.
683 3910 775 3960 ‘venii
784 3908 913 3959 fulmini&
923 3909 992 3973 apud
1007 3908 1151 3959 Maronem·
1160 3908 1218 3959 Vfll·

114 3986 146 4036 D.
156 3988 242 4037 Hunc.
297 4041 300 4047 ,
684 3989 795 4038 flaccus
806 3986 852 4038 lib.
866 3999 917 4037 τοι.
933 3985 1052 4035 ‘Taurus
1069 3991 1097 4035 et
1113 3983 1217 4036 immani
