2662 4696
104 309 191 379 lum
248 321 357 372 ποτε
380 318 581 369 vsnsonuu
607 319 647 368 ru
671 317 730 369 on.
753 319 891 370 curun.
914 318 1072 372 xxxin.

106 467 299 531 Proserpinam,
310 465 393 514 disces
402 478 436 512 ex
445 462 509 512 laid.
518 462 563 512 ltb.
572 475 634 511 vrrs.
672 475 737 510 acas
748 460 840 522 dictus,
859 460 928 525 quod
938 467 1056 512 mentem
1066 461 1147 511 leniat
1163 460 1198 528 (ot

106 558 164 607 cap.
175 548 214 592 11.
231 550 302 591 etex
319 556 395 590 versu
410 540 454 588 illo
474 541 578 600 vulgato
589 538 635 587 sed
673 538 728 586 vult
736 537 851 598 Donat).
870 535 923 586 Alii
935 539 1198 589 voluntlaesraeotllae·

105 619 253 683 ingenioso:
281 617 410 674 ‘Terret,
439 616 542 674 lustrat,
574 614 637 677 agit,
673 612 716 662 abi
727 612 800 661 ludos
811 626 878 671 esse,
887 613 931 676 qni
943 613 1045 662 circum
1058 613 1197 674 torcularis,

106 695 274 758 Proserpina,
295 694 376 754 Luna,
397 693 491 753 Diana,
515 693 579 754 lma,
595 706 637 741 su·
673 703 733 752 quse
744 685 830 746 ληνοὺς
838 688 925 737 Graeci
933 694 1040 751 vocant,
1051 687 1198 738 exhibebu-

106 785 207 834 preme,
221 768 302 828 feras,
326 773 439 830 sceptro,
464 765 575 831 fulgore,
596 782 636 816 sa·
673 770 723 814 tur.
756 765 808 814 Sed
826 771 854 814 et
872 765 932 814 teria
945 765 989 815 bic
1007 764 1123 829 intelligi
1140 765 1197 815 Bne·

107 846 189 911 gitta!
211 846 346 909 Drmpster.
673 841 737 890 chus
749 848 845 905 potest,
864 841 983 906 qnoniam
1004 841 1119 904 placide,
1133 852 1198 890 nect

138 922 237 971 Attollit
253 917 356 979 Ebosia]
374 916 469 966 enata
481 916 578 966 rectius
594 933 637 967 co-
672 916 823 980 lymphatis,
838 925 868 966 ut
881 915 952 979 alibi,
970 931 1019 980 per
1031 916 1153 966 insaniam
1163 929 1198 966 eo·

107 996 178 1047 dices
198 997 322 1047 nonnulli.
340 995 436 1058 dequo
457 993 489 1042 ad
507 995 637 1043 Nasonem
672 995 784 1049 lebatur.
801 995 917 1044 Porrlna.
1242 1004 1245 1063 j

108 1073 234 1138 pluribus.
250 1072 284 1121 D.
292 1071 378 1119 llum.
705 1070 823 1134 leniaque
832 1071 903 1119 tirtel
915 1070 1025 1134 procedit
1038 1069 1148 1134 lauhs]
1163 1069 1198 1119 ste

142 1154 172 1199 11
182 1146 426 1210 AagaesTriptoirmi
436 1146 554 1209 aridam]
565 1147 637 1198 Quos
673 1147 749 1196 multi
770 1147 889 1208 codicea;
917 1147 962 1195 alii
988 1148 1113 1208 loeturpae,
1138 1143 1199 1210 quod

107 1226 145 1276 illi
156 1231 290 1275 munerata
301 1229 360 1272 erat
372 1222 459 1273 Cerea.
476 1222 563 1270 Borti-
673 1223 795 1272 Bartbius
805 1222 1014 1286 amplectebatur
1032 1222 1104 1272 curis
1121 1234 1200 1271 aecor·

141 1307 172 1352 lt
197 1302 303 1365 Attrita]
330 1301 363 1351 Id
395 1307 447 1363 est,
477 1299 565 1353 Poura
592 1314 638 1349 seu
674 1299 728 1349 dia:
742 1300 956 1348 seduilnecesse.
974 1298 1114 1360 Ausonius,
1124 1297 1198 1360 Ppist

107 1379 185 1428 levia.
675 1378 715 1424 lt.
733 1375 882 1426 ‘Sollicitat
899 1375 984 1423 leuem
1004 1374 1074 1424 comi
1090 1386 1199 1424 sermone

140 1454 263 1519 lapsaque
270 1452 362 1515 meno]
372 1452 490 1514 Placido,
497 1452 638 1502 Clemente.
675 1450 798 1515 Lyteumss
814 1450 901 1499 Possis
911 1455 997 1499 tamen
1008 1457 1037 1499 et
1045 1450 1106 1499 lesia
1113 1448 1201 1498 lueto

107 1528 183 1580 'Pales
201 1531 269 1579 enim
285 1528 419 1592 linguntur
442 1529 576 1577 Dracones
594 1527 638 1591 qui
676 1542 724 1592 pro
735 1527 845 1578 imberbi
853 1524 1144 1591 reponeretquosuodo
1153 1524 1202 1574 leuis

109 1604 179 1654 Deos
201 1604 306 1653 vehunt.
339 1603 408 1652 Hinc
426 1601 524 1651 fuctum
544 1610 573 1652 nt
591 1617 639 1666 pro
676 1606 773 1668 Agyeaa
792 1603 825 1652 de
847 1601 948 1652 Pboebo
968 1602 1039 1666 apud
1061 1600 1201 1662 Hontim,

109 1680 175 1728 coelo
187 1687 281 1743 pacato
290 1685 318 1727 et
328 1678 459 1740 clementi,
474 1677 586 1727 &meaa
596 1679 639 1728 ab·
676 1679 742 1729 libro
753 1693 791 1729 rs.
809 1678 861 1729 Od.
873 1692 912 1729 vr.
927 1678 962 1728 D.
969 1677 1060 1728 Heinn

109 1756 195 1806 solute
207 1756 351 1804 dictitetur.
368 1752 458 1802 Barth.
709 1754 787 1803 Simul
793 1755 910 1820 procedit]
925 1754 991 1803 Cum
999 1754 1165 1818 Triptolemo
1172 1753 1203 1802 ui·

143 1837 174 1882 14
199 1831 299 1893 liorem]
324 1830 348 1879 Α
370 1830 456 1878 colore
475 1836 504 1879 et
532 1829 640 1893 placidi·
676 1829 766 1878 rnirnm
788 1831 891 1880 Cereris
901 1831 1026 1879 ministro.
1053 1830 1104 1879 Vel
1113 1830 1202 1880 Cerere

110 1911 173 1957 tate.
207 1903 582 1967 Roaeoverolueomnisgrati
599 1919 640 1954 ru·
676 1906 950 1970 ipsaetProserpina.
978 1905 1076 1955 Tribus
1092 1903 1202 1955 enimbis

110 1981 188 2032 boris.
676 1983 854 2041 initiabantur,
871 1984 915 2046 qul
926 1982 1059 2046 'mysteria
1076 1979 1204 2030 Ekualacs

144 2056 249 2120 cristus]
265 2056 363 2106 Poenas
385 2055 458 2105 aiunt
486 2055 579 2104 cristas
606 2054 640 2103 de
677 2060 824 2122 capiebant.
841 2057 1205 2108 Videsloeobamborumcou·

111 2133 213 2184 sutilia
228 2133 361 2184 notissima
380 2131 535 2182 liberalitate
552 2129 641 2179 affinx·
678 2135 800 2185 turbemin
817 2135 904 2199 jungi,
928 2135 1002 2184 velut
1024 2137 1155 2196 perpetuo
1174 2127 1206 2178 af·

109 2209 161 2260 iste
176 2208 339 2271 draconibus,
359 2223 417 2257 cum
437 2209 514 2257 nullae
537 2207 567 2255 iis
588 2207 641 2257 siut
677 2208 766 2272 fixum,
775 2217 802 2260 et
814 2210 918 2259 numine
927 2209 1053 2257 Diuorum
1063 2207 1137 2257 velut
1146 2220 1205 2256 cou-

111 2285 230 2350 probatae
261 2285 408 2336 testimonio
444 2283 523 2334 Jubae
552 2282 640 2345 Regis.
679 2286 840 2349 prehensum.
865 2283 969 2348 thuis
982 2281 1206 2332 rotDeornmCe

112 2363 202 2412 Bortlt.
679 2361 731 2409 reri
750 2367 778 2410 et
794 2361 851 2423 ejus
867 2359 1003 2422 propagini
1021 2358 1132 2407 amicior
1148 2355 1206 2419 fingi

144 2442 175 2487 lo
199 2437 283 2486 Terris
303 2436 398 2484 Hecate
423 2434 517 2482 ourimo
538 2432 641 2497 figuris]
678 2441 724 2485 aut
735 2436 834 2499 gratior
842 2435 933 2483 sociari
943 2434 1023 2497 possit
1031 2433 1138 2496 Libero,
1148 2446 1205 2497 prae·

110 2512 368 2562 Triaenimnnmina
385 2512 433 2559 boc
453 2512 507 2558 solo
525 2523 641 2571 compre·
679 2513 769 2561 sertim
792 2511 824 2560 ad
847 2511 1003 2573 Nuptiarum
1027 2523 1150 2573 pompam
1172 2523 1206 2557 or·

110 2587 269 2646 benduntur,
280 2585 349 2648 quod
362 2585 495 2647 eleganter
511 2583 643 2631 enarravit
679 2585 800 2646 nondam,
813 2599 887 2649 quem
899 2585 946 2634 iate
957 2584 1072 2633 omniurn
1081 2582 1206 2633 festivite-

112 2662 281 2720 Prudeutius,
299 2660 344 2709 lib.
362 2663 385 2709 1.
405 2660 430 2707 in
447 2660 543 2720 symm.
568 2657 642 2706 ‘De·
679 2669 733 2711 tum
746 2661 895 2724 Choragus?

111 2737 189 2802 nique
202 2751 259 2785 cnm
270 2737 342 2785 Luna
359 2744 408 2796 est,
425 2733 548 2783 sublustri
559 2734 642 2796 splen·
711 2737 793 2786 Lotus
809 2736 917 2800 procedit
938 2736 1048 2799 lucebas]
1069 2735 1206 2800 Virgilius:

112 2814 158 2863 det
169 2813 280 2862 amictu:
299 2813 364 2862 Cum
376 2810 509 2860 succincta
516 2809 584 2872 jacit
600 2823 641 2857 ca·
680 2813 820 2862 ‘Laetitiae
841 2813 961 2863 Bacchus
984 2813 1071 2876 detor,
1098 2820 1127 2863 et
1149 2813 1208 2862 bons

114 2888 203 2952 lemos,
220 2887 331 2938 Latonia
346 2886 419 2950 virgo
433 2891 488 2935 est:
507 2885 571 2933 Cum
584 2883 642 2933 sub·
679 2887 767 2940 Juno?

113 2967 176 3015 nixa
197 2965 272 3015 sedet
293 2965 367 3024 solio,
390 2963 512 3012 Plutonia
528 2960 641 3025 conjux?
713 2965 837 3030 Procedit]
853 2965 974 3025 Pertinet
985 2964 1017 3013 ad
1030 2978 1153 3028 pompam
1162 2976 1208 3012 me·

113 3042 206 3106 Virgil.
235 3044 243 3070 ‘
267 3042 319 3090 tria
340 3039 445 3102 virginis
467 3053 512 3087 ora
533 3036 643 3087 Dianae)
680 3040 751 3090 ‹liate
763 3041 837 3090 velut
847 3041 940 3091 euntis.
959 3040 1050 3089 Bortls.

112 3117 190 3167 Idem.
715 3120 745 3165 17
765 3117 956 3180 crinalifloreus
965 3116 1065 3179 bedan]
1082 3113 1156 3179 Apta
1166 3113 1210 3163 cri·

50 3248 53 3253 ,
149 3192 232 3241 Peraia
248 3190 341 3238 Hecate
358 3188 452 3236 norioto
469 3185 573 3251 figuris]
593 3187 644 3235 Pe·
681 3191 765 3241 uibus.

114 3268 231 3317 taviauus
247 3280 311 3314 unua
327 3269 356 3312 et
374 3265 474 3312 Bonon·
489 3266 569 3310 temet
576 3261 643 3326 fiev-
714 3267 956 3330 Floreos]0ruatus.
966 3266 1211 3316 Hederaautemor·

113 3356 162 3408 rna,
181 3343 296 3407 eleganti
308 3338 468 3390 Graecismo:
486 3337 645 3386 Prudentius
681 3350 829 3392 nomentum
838 3344 945 3392 Bacchi.
962 3343 1091 3392 Fortassis
1100 3345 1164 3408 quin
1172 3343 1211 3391 lte·

114 3428 207 3472 contra
217 3412 316 3485 Syrum}
340 3417 348 3445 ⁴
366 3423 458 3479 terque
476 3428 534 3462 suas
552 3413 644 3462 eadem
681 3419 745 3469 dero
757 3419 837 3482 capiti
848 3420 969 3482 imposita
983 3433 1065 3481 genus
1083 3417 1210 3483 quoddam

114 3497 215 3548 variare
230 3496 326 3559 figuras
345 3492 486 3543 Creditur!
509 3489 587 3539 Statii
600 3491 645 3538 illa
681 3495 994 3558 ebrietat1⁸‚utetvin0
1014 3495 1158 3556 permixta,
1177 3493 1212 3541 in.

114 3574 230 3636 respexit
239 3578 337 3629 noster,
346 3567 473 3619 Thebaid.
482 3581 511 3616 x.
523 3567 531 3595 ⁴
541 3581 644 3615 treanae
681 3572 762 3632 ducit,
774 3580 803 3620 ut
816 3571 982 3632 Plutarchus,
996 3569 1065 3619 libro
1082 3583 1127 3620 111.
1144 3569 1212 3634 Syro·

113 3648 273 3698 moderatrix
284 3645 498 3709 Cyntblanoctls,
515 3643 544 3692 Si
554 3650 580 3692 te
593 3650 644 3691 ter·
681 3648 842 3711 poniacorum
855 3652 975 3695 testatur.
995 3670 1005 3682 ·

114 3722 222 3788 geminis
255 3722 394 3785 perhibent
423 3720 524 3769 variare
554 3717 645 3781 figuris
714 3719 1012 3782 Purtbicooelutligris]
1029 3721 1163 3784 Hyrcanae
1174 3719 1213 3769 ll·

114 3798 236 3852 Numen!
252 3799 286 3848 D.
299 3797 385 3848 flens.
681 3797 760 3860 gridis
781 3796 857 3859 pellis
869 3797 1041 3844 velamentum
1053 3795 1160 3844 Baccho
1172 3794 1213 3843 da·

146 3880 177 3925 16
200 3873 329 3937 Exoritur]
346 3871 460 3921 Subitam
481 3870 645 3936 presentiam
681 3880 744 3922 tum.

114 3952 222 4000 iudicat.
718 3948 796 4010 Velut]
823 3947 883 3996 Non
907 3959 1010 4009 prorsus
1036 3945 1134 4008 operit.
1156 3958 1211 3994 narn

149 4026 355 4089 Leniaqueaimol]
371 4025 430 4074 Hoc
446 4030 495 4079 est,
515 4023 645 4085 Clemens,
680 4023 764 4084 Tigris
787 4036 838 4070 una
860 4022 935 4084 pellis
961 4018 1032 4069 obire
1055 4025 1143 4069 totum
1164 4031 1211 4068 non

116 4099 218 4149 fauens.
257 4099 310 4148 Alii
332 4101 392 4149 libri
410 4101 506 4149 babent
525 4101 647 4162 letusque,
683 4105 781 4163 posset.
798 4099 889 4146 Bortls.

116 4175 185 4242 quod
197 4174 278 4225 faciat
287 4175 371 4226 letos.
389 4177 459 4227 Hinc
468 4175 586 4227 Bacchus
602 4178 647 4226 be·
716 4175 832 4225 Purtllioo
844 4174 936 4238 tigris]
951 4174 1030 4226 Victa
1041 4173 1122 4224 India
1137 4169 1214 4224 mirri-
