2662 4696
275 336 279 369 =
364 336 412 385 or
437 335 560 385 nsrro
587 332 833 383 rnosnnrtnn
859 335 930 384 nso.
955 337 980 386 1.
1138 325 1226 392 1639

145 474 235 538 Idam]
260 477 378 527 Mentem
407 478 538 541 Pbrygiae.
577 475 654 525 Unde
722 480 771 526 2⁰5
790 477 906 542 Gemnnt]
922 479 1043 530 Obscuro
1059 488 1087 532 et
1101 483 1174 546 gravi
1186 497 1226 533 so·

109 554 190 605 taaes
200 555 264 604 oiim
275 555 319 604 iiis
329 555 409 616 regio.
435 555 524 603 Baetis
690 565 734 602 no.
763 553 837 605 Iden.

146 637 198 682 200
217 632 453 693 Hicoedetttttgttttc
464 629 538 692 Deoe]
556 631 597 678 lia
608 628 653 678 Ai-
723 632 772 677 206
790 629 915 696 Gargara]
930 631 1169 684 VideMacrobium
1181 635 1226 685 Sa.

113 709 165 760 dus
180 715 209 759 et
222 708 315 772 scripti
332 709 466 757 meliores:
485 705 602 754 eliisedes
611 720 653 753 an·
691 709 830 758 turnolium
842 710 858 760 1.
870 725 895 759 v.
908 727 929 764 c.
942 716 983 761 2⁰.
1017 712 1071 761 Ida
1081 722 1121 762 est
1134 721 1225 764 vertex

112 791 201 849 gusta,-
232 784 301 850 quod
321 799 459 847 perperam
486 782 595 846 arripuit
613 783 653 831 vir
689 781 830 833 fertilitate
842 785 942 836 nobilis.
966 787 1043 835 iden.

115 861 221 911 doctus.
261 860 341 910 ovid.
371 860 502 924 ‘augusta
527 865 653 908 vocantur
722 864 771 910 2⁰⁷
788 862 923 925 Mqitum]
945 862 1038 914 Qualis
1057 862 1151 913 boatus
1171 871 1226 915 tnu-

113 937 226 1001 'l'enspla
242 937 407 986 sacerdotum
428 936 478 984 rite
498 934 585 984 dicata
601 949 653 983 mu·
691 951 785 986 rorum.
809 938 884 989 Idm.

116 1017 169 1063 nm'
202 1012 279 1062 Idem
304 1012 383 1061 stibi:
412 1011 497 1063 ‘Quis
518 1011 590 1059 locus
613 1017 654 1060 est
723 1017 772 1062 208
791 1013 907 1078 Corybas]
936 1015 1052 1078 Corybas
1069 1014 1174 1065 Jasonis
1198 1018 1227 1066 et

115 1090 223 1154 templis
239 1089 372 1154 augustior
381 1088 398 1135 i’
416 1090 451 1137 D.
463 1087 549 1136 Hans.
691 1089 802 1152 Cybeles
815 1089 882 1139 fitius
898 1086 942 1138 τοῦ
955 1089 1044 1154 πατρὸς
1059 1088 1093 1139 eis
1103 1087 1176 1139 esais
1185 1109 1227 1151 με·

148 1169 274 1231 Angusta]
301 1165 388 1228 Cultu,
410 1180 459 1215 non
482 1164 582 1227 spatio;
603 1179 653 1213 non
690 1163 832 1227 manos,
843 1167 870 1214 in
881 1165 970 1215 Asiam
981 1181 1058 1215 sacra
1074 1167 1162 1215 Deum
1174 1180 1226 1216 mo·

115 1243 286 1305 momentis,
297 1241 343 1290 sed
355 1241 489 1303 religione.
514 1239 604 1289 Batti.
690 1241 737 1290 tris
748 1241 868 1304 princeps
880 1241 974 1292 intulit.
1008 1242 1078 1291 Hinc
1097 1249 1227 1306 perpetua

147 1325 197 1370 101
218 1321 296 1375 Quom
315 1317 386 1380 pinus
406 1314 539 1376 obumbrat]
563 1317 654 1377 Oparat
691 1317 855 1366 successione
885 1316 1049 1381 Corybantes
1078 1317 1144 1368 dicti
1170 1319 1227 1383 ejus

117 1411 175 1446 cum
205 1394 357 1443 melioribus
383 1392 489 1455 scriptis
515 1391 652 1454 legendum
691 1392 767 1441 Dirae
795 1391 946 1441 sacerdotes
975 1391 1119 1443 furibundi.
1160 1395 1228 1444 Erat

111 1473 167 1537 jem
185 1471 252 1520 vidit
270 1469 418 1519 Gronovius
433 1473 529 1517 notter.
564 1466 653 1516 Habes
691 1482 853 1517 emmeorum
865 1465 941 1516 otiien
955 1468 1075 1517 simulato
1090 1468 1227 1531 repentino

117 1549 264 1599 idverbum
275 1546 344 1610 opud
355 1545 502 1610 Virgilium,
511 1523 574 1595 Vni.
582 1544 653 1594 Fisc-
689 1542 800 1594 furore'
794 1559 820 1592 m
836 1543 923 1592 orbem
936 1550 1043 1594 currere
1061 1551 1089 1594 et
1102 1543 1172 1596 ferro
1188 1558 1227 1595 so·

118 1640 186 1688 cam,
195 1632 224 1674 et
235 1624 308 1673 uisos
331 1622 455 1685 Siliani.
467 1634 531 1670 1111.
543 1620 653 1683 ‘Cingit
690 1636 754 1670 noro
766 1636 838 1670 arms
849 1621 959 1683 pulsare
985 1622 1061 1671 idem

117 1707 197 1752 acuta
213 1715 302 1750 comas
320 1705 347 1748 et
363 1703 461 1762 opacat
478 1702 598 1759 tempora
616 1697 653 1759 pi·
722 1702 771 1747 209
788 1696 885 1758 Brona]
907 1697 962 1746 Has
984 1696 1109 1747 inflabant
1128 1698 1168 1748 bis
1186 1713 1227 1749 sc·

117 1782 180 1828 uos!
214 1777 298 1826 Psuio
314 1780 375 1838 post
393 1772 503 1833 coniferis
520 1775 653 1821 nodantur
690 1774 739 1823 cris
751 1782 899 1836 operantes.

116 1853 224 1902 camina
242 1851 317 1900 rassin
333 1865 392 1900 cum
403 1851 487 1913 primo
498 1848 614 1898 editione
624 1856 652 1898 et
723 1850 889 1913 AErasenant]
906 1851 970 1900 liiisi
982 1865 1066 1901 enses.
1085 1851 1153 1900 Sono
1166 1850 1225 1902 reric

118 1927 274 1992 quibusdam
312 1925 469 1975 membranis
501 1924 651 1975 scribimus:
689 1926 774 1976 inesse
786 1942 863 1976 voces
879 1929 1035 1976 Daemonum
1050 1926 1226 1991 opinabuntur

116 2003 217 2064 coniferi
226 2002 379 2067 medaeam
392 2001 454 2050 neni
471 2006 562 2049 contro
573 2000 652 2050 libros
690 2002 1092 2066 nonnuliiionnasudcnsveteres.
1118 2002 1209 2052 Bants

118 2074 473 2143 sapuerengtns‘rnass
723 2078 878 2142 Blandasque
898 2078 985 2140 nones]
1009 2078 1069 2127 Non
1093 2076 1226 2140 blandique,

148 2152 341 2217 Pinnelsflccrn
360 2153 446 2202 Deum
468 2151 556 2202 matri.
584 2153 652 2202 Vide
690 2155 803 2203 codices.
829 2153 864 2204 D.
878 2154 963 2205 Heius.

116 2229 263 2281 doctissimi
284 2228 400 2278 'l'urnebi
429 2229 653 2291 Adversariorum‚
722 2233 769 2279 111
788 2229 896 2278 Intendit
910 2231 941 2277 od
957 2230 1035 2277 osenia
1046 2228 1135 2290 turres]
1151 2227 1225 2277 Libri

118 2306 161 2356 tib.
175 2320 215 2356 11.
226 2310 268 2356 22.
285 2305 375 2354 Barth.
690 2305 795 2369 quidam
814 2306 937 2361 extendit3
958 2311 988 2353 ut
1006 2303 1088 2352 infru:
1105 2304 1225 2353 ‘Exten-

149 2383 230 2432 Pinne
248 2383 342 2445 opaom]
369 2379 422 2430 Atii
447 2381 497 2443 leg.
520 2381 652 2430 obumbrat.
691 2380 757 2429 dunt
767 2380 851 2429 socios
863 2379 896 2428 ud
908 2380 1001 2443 poouin
1009 2380 1086 2442 plenu
1094 2378 1226 2429 cerastas!

117 2459 209 2525 Cybeli
229 2457 306 2508 motti
326 2460 413 2507 Deum
431 2458 557 2506 altissimo
575 2457 654 2507 orbor
691 2459 767 2506 idem.

118 2535 199 2585 Pinus
212 2549 245 2582 ex
263 2548 295 2583 11.
307 2535 404 2596 Georg.
418 2548 503 2594 sacro,
515 2534 574 2597 quis
585 2532 653 2597 Atys
723 2537 772 2582 212
788 2533 863 2596 Arce]
880 2533 961 2584 Coeio.
983 2534 1074 2582 Basti.

118 2613 143 2661 io
163 2627 222 2662 eam
240 2618 365 2672 mutatus,
383 2612 491 2661 Metam.
509 2624 536 2660 x.
555 2610 617 2660 Feb.
629 2615 652 2660 2.
723 2613 771 2658 213
789 2609 881 2657 Mentis
897 2609 1030 2672 penetratio
1048 2605 1135 2668 nodat]
1159 2607 1224 2656 rres

117 2690 184 2739 sent.
194 2689 241 2738 lib.
255 2703 285 2738 n.
304 2689 395 2738 Seuee.
412 2688 505 2736 Transi
521 2687 614 2737 Charo.
631 2693 653 2738 1.
691 2683 774 2732 nostri
789 2689 923 2733 monstrat:
938 2684 991 2732 duo
1003 2682 1152 2744 Poimanni,
1165 2683 1226 2745 po'n-

118 2767 245 2830 templum
255 2766 310 2829 ejus
321 2766 347 2814 in
357 2766 428 2813 Luco
440 2765 533 2814 Piueo.
545 2765 601 2814 AEn.
614 2778 653 2815 rx.
690 2758 728 2806 dii
735 2773 745 2815 ἰ
762 2758 891 2822 quomodo
903 2772 996 2820 inpia:
1016 2759 1089 2808 ‘Vos
1107 2758 1168 2806 mihi
1188 2771 1226 2806 tt·

117 2840 590 2905 ‘Piueasyivsmibimultosdileots
605 2855 654 2904 per
691 2848 792 2883 crurum
817 2835 962 2896 penetralis
987 2834 1096 2897 paudite
1120 2831 1226 2882 rerum!

118 2917 216 2968 onnon!
241 2918 339 2981 Cybeie
355 2918 448 2968 Jovem
460 2917 610 2980 alloquitur,
626 2923 654 2967 et
691 2910 732 2959 De
742 2910 847 2958 nudandi
858 2908 938 2958 verbo
958 2916 1045 2957 tamen
1064 2909 1112 2957 hac
1129 2907 1226 2971 signifi·

116 3001 210 3060 myntae
235 2994 338 3057 pineam
365 2995 465 3042 liniam
493 2993 604 3056 vibrant,
624 3000 654 3043 ut
692 2987 794 3035 catione
812 2985 932 3032 videatur
951 2983 1141 3034 eruditissimus
1158 2985 1226 3034 Gro-

117 3070 276 3121 beccbsntes
294 3071 419 3134 thyrsum.
457 3070 554 3118 Noster
572 3069 616 3117 iib.
635 3083 654 3120 r.
692 3063 782 3113 novius
802 3064 879 3113 Notis
896 3064 928 3112 od
948 3062 1048 3114 Livium
1066 3063 1132 3112 libro
1149 3075 1226 3113 ιιιν.

115 3145 141 3194 in
154 3148 265 3209 Eutrop.
276 3145 420 3209 ‘Cymbala
431 3144 500 3194 ferre
510 3145 583 3206 licet,
594 3160 654 3208 pec·
693 3154 717 3190 c·
728 3143 768 3188 ³8·
791 3141 826 3190 D·
839 3140 924 3191 Heinn

117 3229 213 3287 tosqoe
226 3220 327 3269 iiiidere
338 3219 419 3283 pium.¹
447 3221 557 3282 Dempst.
725 3217 822 3280 Noun]
839 3216 871 3266 Id
882 3224 933 3280 est,
944 3217 1051 3266 indicat.
1076 3218 1144 3266 Ciac.

147 3302 200 3347 8⁰2
227 3296 301 3344 Natta
324 3296 434 3358 agitante
448 3296 563 3358 procella]
587 3297 655 3346 Dee·
724 3300 773 3345 21⁷
790 3295 833 3344 Sic
848 3296 933 3344 cecinit
949 3296 1054 3359 ibemis]
1078 3295 1148 3344 otim
1169 3308 1226 3344 ore·

115 3388 175 3424 rom
193 3373 265 3422 enim
283 3373 386 3420 sedibus
397 3379 488 3421 sentos
500 3378 528 3421 et
545 3379 656 3437 tempes-
692 3374 778 3422 culum
798 3388 878 3436 penes
897 3374 1056 3433 Themidem,
1072 3371 1116 3419 iib.
1131 3385 1151 3420 1.
1169 3371 1226 3419 Me·

113 3452 187 3501 'tetes
194 3449 340 3498 excludunt
352 3448 452 3497 Poiitse.
693 3455 754 3498 tam.
766 3449 829 3498 rub.
839 3453 863 3498 7.
876 3449 975 3511 interp.
988 3447 1108 3498 Juvenal.
1126 3445 1159 3494 od
1171 3444 1226 3494 Sat.

149 3525 242 3587 Locus]
260 3525 389 3588 Pleraque
408 3525 483 3574 Idola
497 3533 615 3575 veterum
629 3527 655 3575 in
692 3538 712 3573 1.
725 3526 822 3574 Lucan.
834 3524 851 3573 Ι.
861 3538 888 3573 v.
902 3539 938 3572 vs.
949 3527 990 3572 81.
1007 3521 1095 3571 Sidon.
1107 3515 1227 3573 Cortum.

114 3604 181 3653 iocis
192 3603 267 3652 ouits
276 3602 441 3650 observamus
452 3601 522 3651 aiibi.
550 3603 638 3653 Barth.
692 3602 738 3651 ‘Si
755 3601 866 3666 denique
884 3615 972 3649 rernm
989 3600 1099 3662 Pboebe,
1120 3598 1227 3648 Themis
1292 3596 1309 3621 ¹·

149 3683 199 3728 208
220 3676 327 3736 coniferi
348 3676 421 3738 rami]
446 3679 490 3726 De
513 3679 568 3726 solo
592 3679 654 3741 pinu
692 3677 801 3728 Dodona
823 3677 910 3727 cunis.¹
944 3679 979 3726 Et
1000 3677 1085 3725 Carm.
1107 3689 1145 3724 rx.
1165 3676 1227 3724 ‘re-

118 3760 183 3817 poto
195 3766 340 3801 sermonem
359 3766 426 3813 esse,
441 3767 493 3815 qua
508 3753 654 3802 constiterit
693 3768 789 3816 sponsu
817 3759 863 3802 sut
885 3753 1020 3802 'l'bemidis
1050 3752 1137 3816 priora
1166 3752 1227 3801 Del·
1253 3752 1256 3757 ⁴

119 3834 189 3876 totns
201 3828 252 3875 iste
266 3828 346 3875 iocus.
692 3830 768 3895 pbiss’
792 3830 902 3893 Denprt.

151 3903 279 3964 Carmina]
302 3904 366 3953 Quae
387 3903 412 3951 in
436 3903 554 3952 arborum
572 3907 655 3954 ventis
727 3906 832 3969 Ceeinit]
856 3906 1006 3955 Vaticinata
1024 3911 1072 3952 est.
1099 3904 1142 3952 De
1159 3902 1227 3952 'lbe-

119 3979 301 4044 iuspirstorum
315 3979 425 4027 susurris
436 3987 579 4042 agnoscunt
589 3981 655 4030 Poe·
692 3983 774 4032 midos
796 3983 970 4031 vetustissimo
985 3981 1088 4029 oraculo
1109 3986 1239 4033 notatum,

122 4063 163 4105 tae.
190 4055 281 4104 Barth·
688 4058 861 4123 jometuiiis.
887 4057 976 4105 Boni.
1290 4093 1293 4099 .

153 4136 203 4182 104
227 4131 328 4196 ibyasi]
352 4132 430 4182 chori
452 4132 543 4182 matris
560 4133 655 4185 Deum.
725 4139 774 4184 218
791 4131 1068 4196 mnperags'tnnpus]
1084 4130 1112 4180 Si
1124 4137 1227 4192 tempus

123 4208 357 4259 notissimoomnio.
384 4208 461 4258 Idem.
690 4217 965 4275 munimenque
995 4214 1074 4273 pacto
1095 4219 1149 4255 non
1170 4205 1230 4256 sinc
