2662 4696
351 329 400 378 nn
424 328 550 377 aaran
575 329 821 378 raosnarrun
845 329 919 378 nis.
942 328 983 379 rr.
1130 314 1211 380 1661

114 474 235 524 latorum
244 471 395 522 nunciorum
407 471 539 520 indicium.
561 470 651 520 Bortlr.
720 475 767 519 343
796 471 973 534 Fonuidotiqaa
992 469 1098 533 suroris]
1125 470 1218 520 Formi-

111 582 114 587 ·
146 553 195 598 8³1
215 549 343 597 Rarescew
359 546 461 608 sortem]
485 548 537 594 Per
556 545 651 594 tactum
686 549 803 610 dandique
822 554 938 610 excerpt.
957 548 1018 596 Put.
1039 561 1098 595 enm
1117 546 1217 596 duobus

116 626 271 688 nuptialium
283 632 311 673 et
326 624 465 688 genialium
477 622 650 672 conviviorum
686 622 831 682 Vaticanis,
846 630 874 669 et
891 621 1099 672 Bartholiniano:
1119 628 1146 671 et
1157 637 1216 671 mox

116 701 288 765 splendorem.
317 701 388 749 luem.
687 697 742 744 loeta
764 702 873 745 canentes
894 711 945 747 non
967 699 1016 746 lene
1039 712 1102 746 unus
1124 698 1217 747 Petav.

146 781 196 825 333
216 774 296 836 Urna]
314 765 391 824 More
402 774 598 824 Atheniensium
607 775 650 838 jn·
686 772 761 822 Idem·

117 851 203 901 dicare
223 850 366 899 inferorum
382 850 489 900 Judiees
510 849 651 912 finguntur,
719 853 767 898 344
785 838 886 899 Cratera
902 849 1001 913 purant]
1018 852 1112 899 Crater
1129 841 1216 911 ingens

63 978 65 989 ,
116 925 231 976 sortibus
251 927 278 973 in
295 939 386 974 urnam
404 925 529 988 acceptis.
566 926 651 989 Virgi·
686 932 798 975 vaserat
811 925 1217 990 vinariumquodinmediosta·

64 1008 72 1019 '
113 1003 179 1052 lius:
206 1001 359 1053 ‘Quaesitor
382 1002 469 1051 Minos
491 1015 578 1051 urnam
599 1017 651 1051 mo·
687 1003 818 1064 tuebatur,
833 1003 901 1052 unde
919 1004 1052 1051 haurirent
1075 1000 1217 1050 minutiori-

63 1118 68 1137 ,
117 1077 177 1127 vet!
202 1077 281 1127 Idem.
687 1077 735 1127 bus
759 1079 858 1142 poculis
877 1078 1103 1142 circumagendum
1122 1077 1217 1126 vinum.

63 1148 68 1211 ‚'
107 1176 111 1184 ·
150 1154 221 1202 Urna
232 1152 339 1214 Minoia]
353 1151 385 1200 ln
391 1151 496 1215 judiciis
507 1166 568 1200 usus
577 1167 648 1201 urnoe
686 1154 774 1203 Bartls.

63 1216 71 1299 Ἰ
116 1227 249 1294 frequens,
272 1230 299 1276 in
316 1243 393 1293 quam
412 1229 515 1277 nomina
534 1228 649 1278 citando·
718 1233 766 1279 347
784 1231 869 1280 Festos
893 1233 940 1281 alio
963 1231 1103 1281 succendant
1130 1229 1217 1278 lamiae

110 1318 169 1359 ¹tum
180 1304 400 1369 conjiciebantnr.
418 1306 517 1355 Noster
528 1304 573 1354 lib.
583 1318 613 1353 rr.
623 1305 649 1353 in
685 1305 772 1367 toedas]
792 1307 889 1369 Magna
907 1307 933 1354 in
954 1308 1002 1355 lroc
1023 1306 1101 1356 etiam
1122 1307 1217 1367 genere

116 1379 201 1431 Rufin.
214 1380 281 1429 fine:
300 1381 439 1445 ‘nigrique
450 1381 556 1430 trahunt
568 1380 649 1442 adju·
686 1389 744 1430 erat
762 1383 910 1446 superstitio
922 1388 1049 1441 veterum,
1065 1395 1097 1428 ne
1113 1380 1145 1428 de
1157 1380 1217 1442 igne

73 1490 80 1511 -,
116 1457 181 1507 dieis
200 1456 311 1506 urnam!
336 1455 649 1506 Horat.lib.1ri.od.1.
686 1455 789 1506 funesto
807 1457 1013 1507 accenderentur
1029 1455 1100 1504 faces
1116 1455 1218 1519 nuptis-

115 1533 182 1583 stat.
195 1532 243 1582 lib.
255 1546 286 1582 ιι.
297 1532 367 1597 Sylv.
385 1531 445 1580 tine.
456 1533 549 1581 Seuec.
567 1532 648 1580 Here.
685 1533 732 1593 les,
743 1528 809 1598 quod
829 1547 906 1582 ornan
921 1532 1094 1582 tristissimum
1106 1529 1217 1580 habeba·

116 1609 177 1659 Fur.
190 1608 245 1659 aei.
256 1622 298 1658 ιιι.
310 1623 379 1658 scen.
389 1621 421 1658 11.
432 1609 440 1636 ‘
452 1607 558 1659 indicia
569 1607 647 1671 trepi.
687 1615 739 1656 tur.
763 1609 838 1658 Item.

73 1722 75 1729 .
111 1685 154 1735 slis
165 1683 224 1734 feru
235 1685 344 1734 sortitur
358 1684 425 1734 reis!
450 1685 524 1733 Serv.
543 1683 576 1731 ad
592 1683 648 1732 AEn.
718 1687 766 1733 348
775 1684 901 1749 Pestiferi]
912 1683 987 1734 Unde
997 1681 1079 1732 morbi
1092 1688 1119 1732 et
1130 1681 1217 1732 clades

116 1776 153 1812 vr.
169 1761 265 1811 Sortiri
278 1761 405 1824 judicem.
423 1761 493 1809 Plin.
504 1760 531 1808 in
547 1759 648 1809 Praefa·
687 1759 719 1809 ad
729 1775 835 1823 superos
848 1760 930 1821 ibant,
940 1760 1013 1823 enjus
1022 1758 1104 1808 halitu
1113 1757 1217 1808 decide·

117 1837 186 1888 tione
204 1837 290 1902 operis
306 1837 353 1900 sai,
371 1839 388 1887 l.
399 1837 489 1886 lauat.
510 1838 540 1886 C.
560 1839 589 1885 sie
605 1838 649 1886 ,Ια-
686 1835 750 1885 bant
762 1850 831 1885 aves.
849 1837 924 1885 Idem.

116 1914 182 1965 dats.
193 1913 211 1962 l.
223 1913 383 1962 denuntiasse.
388 1913 422 1978 ff.
434 1915 462 1961 de
473 1912 548 1961 adult
563 1913 580 1963 l.
594 1928 650 1975 qao·
719 1912 834 1960 Paestum
847 1911 938 1975 stamen
956 1910 1058 1974 Auerni]
1074 1911 1117 1960 sic
1133 1909 1217 1960 Aldus

114 1988 648 2054 uersaucaeprtattuctu.taxii.
686 1992 714 2036 et
733 1987 832 2050 scripti,
852 2001 902 2036 non
920 1987 999 2036 limen.
1032 1986 1112 2050 Apud
1132 1985 1217 2049 Virgi·

117 2066 159 2130 qni
176 2066 243 2114 ritus
256 2064 288 2114 ab
299 2063 500 2114 Atheniensibus
516 2063 600 2126 fluxit,
615 2064 649 2114 ob
686 2063 748 2112 lium
759 2064 848 2113 eadem
859 2063 938 2112 habes
949 2068 978 2113 et
986 2062 1153 2112 Aristotelem
1165 2060 1218 2124 περὶ

115 2141 194 2206 idque
206 2141 377 2204 reprehensus
396 2141 473 2189 Solon
491 2140 559 2203 apud
578 2139 648 2189 Aris·
687 2139 818 2200 θαυμασίων
836 2137 1002 2200 manufirma:
1024 2140 1067 2204 qui
1085 2147 1171 2188 tamen
1184 2139 1217 2187 de

116 2227 162 2271 tot.
174 2220 220 2270 lib.
232 2233 263 2269 11.
273 2218 355 2269 Polit.
367 2233 391 2268 e.
403 2223 441 2268 lt).
465 2219 600 2280 Dempster.
654 2272 658 2278 .
686 2215 872 2265 avibusfalsum
881 2216 930 2264 hoe
938 2214 1068 2278 adfirmat,
1077 2230 1134 2264 cum
1142 2214 1218 2263 multi

146 2300 198 2346 334
231 2293 322 2359 Impia]
360 2292 490 2356 Crudelis,
520 2292 648 2344 immania.
685 2290 1009 2354 illiccygniinveniantor.
1034 2291 1068 2339 D.
1081 2290 1167 2340 Heius.

116 2372 205 2423 Burri.
719 2371 767 2416 349
784 2365 906 2428 insana]
932 2366 1035 2427 lllaesae,
1065 2379 1116 2413 non
1140 2365 1217 2415 obvio

146 2453 196 2499 337
213 2446 320 2497 Soloitm
339 2445 421 2508 laios]
446 2446 543 2494 Versus
558 2444 600 2494 hie
615 2459 649 2494 ex
686 2457 743 2491 usu.
761 2442 1054 2505 Egesippus‚l.111.32.
1069 2441 1154 2490 ‘Cum
1170 2430 1219 2490 sol'i

116 2522 217 2575 (luobus
247 2521 422 2586 superioribus
449 2518 588 2580 conflatus,
618 2533 648 2569 ae
686 2521 790 2571 innocui
802 2519 899 2569 fuerint
909 2519 954 2584 qui
973 2518 1063 2583 praelia
1079 2516 1218 2581 gererent?

115 2598 227 2663 proinde
246 2598 287 2646 rel
302 2596 389 2646 invitis
407 2595 481 2645 libris
499 2608 648 2657 expungen-
686 2597 776 2647 Barth.

114 2673 162 2724 dns
183 2680 241 2725 est:
265 2673 335 2738 qnod
355 2672 470 2728 eruditos
491 2671 648 2733 interpretes
720 2673 840 2737 Innocua]
862 2673 1019 2737 Eleganter:
1036 2671 1072 2721 sic
1084 2670 1144 2721 bell.
1156 2671 1219 2722 Get.

113 2750 212 2816 fugisse
230 2749 317 2800 miror.
358 2747 477 2797 Tantaleis
495 2760 542 2810 pro
562 2746 649 2796 Tanta·
686 2750 787 2799 ‘Navis
798 2749 923 2810 innocua‚'
934 2749 960 2797 id
973 2755 1020 2808 est,
1033 2748 1123 2799 illaesa.
1149 2747 1217 2799 Clau.

114 2828 168 2880 licis
187 2827 265 2891 paulo
282 2832 342 2875 ante
361 2823 515 2888 legendum:
534 2821 648 2872 sioPoe·
719 2831 767 2875 353
793 2825 945 2886 Amsanctus]
980 2826 1063 2873 Laeua
1086 2822 1228 2885 Lucania,r

114 2911 159 2956 tae.
199 2903 323 2966 Virgilius
343 2903 370 2950 in
392 2901 499 2950 Colice:
526 2896 601 2947 ‘Hie
621 2905 649 2948 et
688 2900 1036 2965 enjuslralitussvesneeat.
1063 2898 1153 2946 Bartlr.

112 2979 238 3032 Tantalei
256 2977 359 3042 generis
378 2976 456 3025 decus
485 2975 552 3023 altus
577 2972 649 3022 Atri-
719 2979 766 3024 351
786 2976 882 3022 iterato
900 2973 1009 3034 gurgite]
1032 2972 1084 3022 Qui
1105 2972 1218 3041 alioquin

114 3054 180 3106 des!
197 3055 265 3104 Stat.
277 3052 427 3103 ‘Tantaleis
444 3050 579 3100 considere
594 3055 650 3098 tec·
686 3051 806 3115 lacrymis
817 3048 923 3098 fluebat.
949 3049 1024 3096 idem.

114 3129 257 3183 tit-meh.
270 3143 289 3179 1.
309 3129 352 3177 ubi
370 3128 495 3176 comitere
512 3139 647 3189 perperam
719 3130 767 3174 353
783 3125 868 3188 Docte]
886 3126 926 3173 Ex
943 3123 1022 3172 sacris
1037 3123 1129 3172 literis.
1154 3123 1218 3179 Qvi-

113 3220 184 3258 nune
200 3205 306 3269 legitur.
330 3204 404 3252 Idem
423 3202 468 3252 lib.
481 3215 521 3250 xr.
539 3198 648 3249 ‘funera
687 3202 743 3252 dius
755 3203 787 3251 de
798 3216 876 3250 aureo
888 3201 1006 3253 Saeoulo:
1023 3199 1218 3265 ‘Fluminajarn

113 3279 371 3334 nemaeTsntaleae:
393 3279 515 3341 Propert.
528 3291 558 3324 11.
576 3277 617 3326 ΕΙ.
626 3290 647 3325 1.
687 3280 773 3341 lactis,
787 3279 842 3342 jam
865 3274 972 3326 flumina
990 3276 1104 3326 nectaris
1127 3276 1218 3328 ibant!

114 3358 258 3408 ‘Tantalea
279 3354 374 3420 poterit
393 3353 485 3402 radere
504 3365 579 3414 ponis
595 3365 648 3399 ma·
686 3356 761 3404 Idm,

113 3432 176 3485 nnr’
204 3433 244 3481 ita
270 3431 372 3480 omnino
400 3428 575 3488 scribendum,
597 3441 646 3475 non
720 3435 767 3480 353
795 3432 899 3480 Undasse
922 3428 1005 3490 Lyae]
1039 3427 1081 3476 Sic
1109 3427 1219 3494 seripti;

113 3511 219 3559 natae.
252 3504 648 3562 Sicet‘ladeteli¹1¹¹⁸‚’‘rfl·
687 3510 763 3571 vulgo
781 3512 917 3567 staguasse:
945 3513 1032 3552 noster
1049 3501 1126 3564 infra,
1145 3504 1220 3552 ‘Un-

114 3582 303 3642 deremetam,'
315 3588 343 3630 et
355 3582 455 3630 similia·
482 3581 517 3629 D·
530 3580 615 3630 Hans.
687 3584 762 3632 daret
783 3597 832 3630 neu
851 3581 916 3628 silva
935 3577 1019 3627 favis!
1059 3578 1157 3626 Parnm
1180 3593 1219 3628 re·

145 3666 197 3712 338
215 3661 249 3708 Et
270 3656 551 3722 Tityas1Titposdu03
574 3655 648 3704 bene.
686 3657 747 3707 tert.
781 3659 845 3705 Mox
863 3655 965 3703 nomino
985 3669 1029 3721 uon
1048 3654 1146 3717 ranrpit,
1169 3669 1218 3718 pro

113 3741 189 3791 Idem.
686 3732 752 3795 rupit
764 3733 890 3779 meliores.
907 3730 943 3779 D.
955 3730 1040 3780 Heius.

147 3817 197 3864 343
219 3813 308 3860 Tantas
324 3809 388 3872 aot]
413 3810 511 3857 Tantus
531 3807 556 3855 in
578 3821 649 3856 arma
720 3811 767 3855 357
786 3808 892 3855 Maritus
901 3806 991 3870 stacta]
1008 3807 1151 3854 Pessimum
1174 3821 1218 3869 ge·

116 3895 199 3954 patet.
224 3887 324 3952 Baeti.
688 3897 733 3931 nus
751 3883 840 3930 mortis
861 3885 884 3930 in
903 3883 976 3930 undis
992 3883 1076 3944 perire
1095 3882 1218 3933 censebat

147 3969 197 4015 342
215 3963 373 4025 direptosque
385 3960 475 4025 fibras]
498 3959 588 4008 Malim
609 3958 650 4005 ob·-
688 3958 843 4020 antiquitas3
861 3958 970 4005 animam
989 3965 1047 4004 rats
1064 3956 1137 4004 simul
1157 3972 1217 4006 curu

113 4045 256 4105 ruptusque:
280 4044 310 4087 ut
329 4039 398 4101 apud
419 4037 531 4085 Statium
549 4036 576 4083 in
593 4034 650 4097 Syl·
688 4048 797 4096 corpore
807 4033 915 4081 interire
927 4046 957 4080 eo
968 4031 1052 4079 modo.
1080 4033 1167 4080 Barth.

115 4116 170 4167 ris:
195 4113 330 4176 ‘abruptis
353 4112 440 4163 debile
460 4112 531 4161 venis
552 4112 650 4162 Vulnus
721 4114 770 4158 358
800 4106 905 4182 Oppido]
944 4106 1085 4158 Civitatum
1114 4107 1215 4158 incolae.
1268 4112 1271 4116 “

114 4192 190 4244 hiats’
213 4190 252 4241 D.
264 4188 351 4240 Hans.
688 4184 764 4236 Idem.
