2662 4696
109 301 200 370 1628
253 314 362 365 nora
385 314 586 368 vsusouuu
610 315 648 364 su
675 288 733 380 cp.
756 310 896 366 msuu.
919 315 1071 367 xxxin.

80 510 82 517 ,
142 464 174 509 aa
191 460 307 523 AEquora]
324 461 441 524 Capaces
460 460 541 525 ipsius
560 461 639 509 amnis
677 459 830 510 decerem:
849 460 955 509 ‘Prima
972 459 1048 510 dedit
1067 458 1210 524 fmgesali·

111 536 179 599 ripas
191 537 303 598 intelligi
318 537 381 587 vult.
676 543 815 600 mentuque
832 537 904 586 mitia
924 539 1008 598 terris,
1027 538 1119 586 Prima
1138 538 1209 587 dedit

147 612 280 661 Vorticibus
290 613 393 675 arbelis]
411 613 509 676 Scripti
526 626 589 676 qnos
604 611 641 660 vi·
675 612 747 674 leges
756 611 772 660 :’
790 619 818 660 et
830 612 1018 660 Callimachus:
1037 611 1077 668 ul
1087 612 1121 672 μὴ
1137 614 1209 660 vairs

110 688 137 737 di
150 703 236 737 omnes
252 691 396 751 gurgitibus.
414 699 443 739 ut
463 690 533 754 apud
543 690 641 751 Silium,
676 686 792 749 λέγωμει,
801 685 1005 750 ἃδώιρυονᾰγιιγε
1015 690 1082 746 Δηοῖ.
1096 687 1209 752 lectum,

110 764 156 813 lib.
168 778 210 815 ιιι.
227 768 234 792 ‘
247 780 322 829 quem
335 766 479 829 gurgitibus
490 766 640 829 complexus
676 765 707 813 bs
722 763 941 813 contabulatas
959 762 1045 824 sibura
1057 767 1127 823 brius,
1147 761 1208 814 xin-

110 845 208 894 anhelis
230 846 402 895 Cunctantem
436 844 580 908 immergit!
607 846 640 894 D.
676 850 738 900 λων,
753 841 783 888 ὣς
794 839 902 900 καλάμην
919 859 948 889 re
963 840 1002 890 rai
1018 841 1069 904 ἱερὰ
1088 839 1206 904 δράγματα

110 920 197 970 Heium
676 915 756 980 spara
774 915 913 977 Ἀστιιχύων
933 915 1045 980 ἀπέκοψε.
1086 919 1207 981 Triptole-

142 995 290 1056 Periustrat]
307 994 434 1044 Circumit
446 1000 473 1043 et
491 994 640 1057 perlabitur.
677 1008 734 1042 mus
746 1008 848 1057 qnoque
868 1000 919 1042 tam
939 996 1009 1056 leges
1029 1009 1109 1058 quum
1125 993 1206 1058 fruges

142 1071 252 1132 Arbelis]
268 1070 435 1119 Ardeatibus.
454 1071 568 1119 Parrbas.
678 1071 875 1119 Atheniensibus
902 1071 1002 1119 dedisse
1035 1071 1205 1119 credebatur:

115 1178 120 1185 ·
146 1147 279 1196 Vorticibus
290 1147 436 1207 Pblsgetbon
452 1149 581 1210 perlustrat
599 1161 641 1194 an·
678 1161 753 1210 qnam
765 1160 819 1194 rem
831 1146 990 1209 Porphyrius
1008 1146 1042 1195 de
1054 1146 1207 1195 abstinentia

109 1222 179 1286 telis]
196 1221 236 1270 Ab
250 1222 367 1270 incendia
387 1236 438 1286 qno
457 1228 583 1285 perpetuo
602 1222 641 1269 uri
678 1222 834 1283 animalium,
852 1222 918 1270 libro
937 1235 975 1270 tu.
993 1227 1021 1270 et
1037 1222 1207 1286 Hieronymus

110 1305 138 1348 et
149 1295 257 1362 flagrare
268 1298 363 1347 dicitur
373 1298 417 1347 hic
428 1297 529 1349 fluvius.
557 1297 642 1346 Flam·
678 1306 769 1347 cantra
779 1297 916 1347 bovianum
936 1297 1001 1346 libro
1022 1297 1108 1361 primo
1120 1298 1206 1361 attige-
1220 1300 1224 1309 '

109 1390 209 1424 marum
221 1376 290 1424 enim
301 1375 390 1439 globos
402 1377 523 1425 evolvere
535 1360 640 1424 dieitur.
678 1383 747 1424 runt.
764 1377 797 1424 D.
810 1375 894 1424 Heim.

110 1451 233 1501 bisantem
244 1450 342 1516 Stygem
352 1451 426 1514 dicit,
446 1452 517 1500 velut
534 1463 643 1499 venena·
715 1451 787 1498 Datoe
795 1450 888 1512 populis
898 1448 971 1511 leges]
986 1448 1124 1498 Hocenim
1136 1449 1208 1498 bene·

111 1533 173 1578 tum.
191 1528 279 1577 Bartb.
679 1524 739 1574 ficio
756 1527 836 1574 Ceres
851 1525 964 1587 junctim
985 1525 1057 1586 leges
1076 1523 1153 1574 dedit
1170 1525 1208 1572 lm·

142 1608 174 1652 25
203 1603 330 1651 Sacrorum
350 1603 442 1664 rerum]
468 1601 641 1651 Abscondita·
678 1600 798 1649 minibus.
832 1597 953 1660 Ovidius,
970 1599 1036 1649 libro
1055 1612 1084 1648 v.
1107 1600 1209 1648 ‘Prima

112 1693 167 1727 rum
179 1680 290 1741 evulgo,
306 1676 521 1737 venerandarum,
538 1682 566 1724 et
577 1676 641 1724 divi·
680 1675 752 1724 dedit
767 1676 846 1738 leges,
864 1675 967 1724 Cereris
982 1683 1044 1724 sunt
1055 1676 1143 1725 amnia
1159 1689 1209 1724 mu·

111 1753 189 1805 nitati
201 1754 382 1814 proximarum.
488 1760 491 1764 ’
680 1757 743 1800 nus!
758 1752 848 1800 Bartb.

142 1828 259 1890 Pandite]
275 1826 508 1876 Sucrnmverbum.
526 1829 615 1876 Bartb.
713 1828 748 1875 Et
767 1830 853 1888 glande
873 1828 969 1890 relicta]
996 1828 1070 1877 Malo
1089 1833 1135 1877 ut:
1160 1832 1209 1877 tres

142 1907 175 1952 bb
195 1903 344 1965 Vestripoli]
366 1902 433 1951 Sunt
452 1904 522 1951 enim
541 1910 570 1951 et
589 1903 643 1952 illie
680 1903 840 1965 scriptitem.
857 1904 999 1952 Fortecur.
1011 1905 1048 1952 D.
1062 1903 1154 1954 Heius.

110 1978 206 2027 sidera.
222 1979 290 2027 Vide
303 1978 347 2026 lib.
360 1992 391 2027 ιι.
404 1993 440 2027 vs.
455 1983 514 2027 28³.
714 1978 807 2026 Glande
816 1978 911 2040 relicto]
927 1979 1053 2027 Veterum
1062 1978 1211 2041 cibosglan·

143 2054 272 2117 lampade]
290 2055 414 2115 Flamma,
426 2054 492 2104 face.
510 2054 599 2104 Bartb.
680 2052 727 2101 des
734 2051 813 2102 finisse
823 2054 981 2103 tritissimum
988 2055 1151 2106 exJuvenal.
1160 2056 1210 2104 Sat.

143 2133 174 2178 2⁷
193 2130 273 2179 Ferox
290 2130 445 2192 Proserpina]
469 2131 643 2180 Sanemeritu
680 2142 718 2178 vt.
741 2129 854 2192 princip.
877 2130 934 2179 Val.
957 2131 1043 2178 Flacc.
1071 2130 1172 2193 Argon.
1193 2143 1210 2177 1.

111 2201 196 2265 ferox,
207 2205 310 2253 unicum
320 2205 412 2267 pignus
421 2207 511 2253 summi
522 2205 643 2267 numinis,
681 2205 762 2267 princ.
779 2203 875 2266 Georg.
887 2218 906 2254 1.
926 2205 1009 2266 princ.
1022 2204 1155 2255 Plin.v11.
1172 2209 1210 2254 ⁵6.

111 2284 153 2328 tot
164 2279 250 2342 procis
264 2280 385 2341 petitum,
396 2286 424 2328 et
436 2295 484 2342 pro
493 2280 643 2342 virginitate
682 2280 764 2342 princ.
776 2279 865 2328 Sidon.
885 2293 965 2330 carm.
975 2284 1001 2329 9.
1013 2279 1114 2330 Aruob.
1126 2282 1170 2330 lib.
1182 2295 1211 2331 ιι.

111 2357 177 2406 nibil
189 2371 240 2404 non
250 2370 343 2404 arreum
354 2355 521 2419 Proserpina.
537 2357 611 2404 Idem.
682 2355 741 2404 ‘stt
758 2356 831 2418 panis
843 2371 875 2404 ex
893 2355 973 2417 farre,
992 2363 1048 2418 aut,
1066 2363 1096 2406 ut
1119 2358 1212 2406 saecula

142 2435 176 2481 28
192 2431 280 2480 Dotals
293 2431 380 2492 Cbaos]
396 2432 644 2492 Novususus‚vetus
682 2431 812 2479 imitemur
834 2432 952 2495 antiqua‚-
966 2447 999 2480 ex
1018 2432 1108 2482 cluere
1131 2433 1212 2482 calido

111 2513 208 2566 tamen,
219 2507 289 2554 vocis
308 2507 379 2565 datis,
400 2521 457 2568 quae
476 2508 524 2554 hac
545 2508 602 2555 luco
618 2505 644 2553 id
683 2506 788 2567 glandes
800 2505 816 2555 :'
833 2506 1213 2570 quodinveutumfuitPelasgi

111 2579 221 2629 denotat
232 2579 301 2642 qnod
312 2593 428 2641 asponso
437 2581 533 2642 accipit
542 2595 644 2643 sponsa,
683 2583 750 2645 regis
761 2582 904 2644 Arcadum,
915 2584 959 2647 qui
968 2583 1035 2632 obid
1045 2582 1214 2646 βαλανηφάγοι

111 2661 272 2702 cumcontra
285 2654 320 2702 sit
331 2655 357 2701 in
367 2668 412 2702 usu
424 2655 567 2703 usitatiore.
600 2657 644 2705 Sic
682 2665 824 2707 vocantur:
843 2658 912 2721 apud
931 2658 1058 2708 Herodot.
1069 2661 1096 2708 in
1109 2662 1213 2710 oraculo

111 2728 220 2777 Tacitus
242 2729 276 2777 de
300 2729 452 2779 Germanis:
472 2731 574 2779 ‘dotem
594 2746 644 2780 non
682 2731 787 2794 Pythio.
806 2732 920 2795 Rhodig.
940 2746 1000 2781 xus.
1017 2737 1042 2782 3.
1063 2734 1108 2783 ubl
1128 2740 1214 2783 tamen

111 2818 176 2854 uxor
184 2807 289 2868 marito,
299 2806 345 2854 sed
355 2807 428 2855 uxori
437 2807 542 2857 maritus
551 2806 645 2858 offert!
682 2814 744 2857 nota
754 2808 780 2858 J.
794 2808 824 2856 C.
836 2807 936 2867 glandis
948 2809 1127 2870 appellatione
1139 2821 1215 2857 omues

27 2944 32 2953 .
145 2882 233 2944 Cbaos]
250 2883 312 2945 Ipsa
323 2897 402 2946 regna
414 2882 568 2932 inferorum:
586 2898 644 2932 unm
674 2883 772 2941 fructus
783 2884 927 2944 continere,
947 2888 975 2930 ut
994 2883 1031 2931 ait
1052 2885 1136 2933 Caius.
1147 2887 1164 2933 l.
1175 2884 1215 2948 qui

68 2960 72 2967 '
111 2963 186 3021 rapta
195 2959 349 3020 Proserpina
358 2959 428 3021 regni
438 2967 512 3022 parte
520 2960 645 3021 discessit,
680 2973 800 3007 uenenum.
836 2961 892 3008 236.
913 2957 948 3020 ff.
978 2960 1008 3006 de
1034 2958 1099 3007 verb.
1131 2957 1215 3021 manif.

60 3060 64 3065 ·
111 3039 180 3083 etut
192 3048 266 3098 sequa
280 3035 340 3096 jure
360 3048 447 3082 secum
467 3035 644 3086 dominaretur
681 3036 803 3098 Dempst.

111 3109 237 3170 permisit.
271 3109 358 3170 Magis
379 3111 484 3172 proprie
505 3112 643 3161 Christiani
713 3115 744 3158 ul
763 3110 873 3158 Dodonia
890 3109 998 3174 nummu]
1015 3110 1070 3158 Per
1083 3111 1215 3160 excellen-

111 3183 253 3245 scriptores
275 3184 352 3231 Cbaos
372 3192 466 3233 vocant
485 3187 553 3249 quod
564 3189 643 3238 inter·
681 3185 743 3235 tium
753 3185 983 3234 bachabetinstar
993 3186 1115 3236 omnium.
1128 3187 1216 3237 Bortb.

106 3258 209 3322 jectum
228 3257 325 3306 dicitur
344 3259 412 3307 inter
433 3261 489 3308 loca
500 3262 643 3312 Damnata·
714 3261 823 3308 Dodonia
834 3260 941 3322 quercus]
959 3259 1061 3308 Alludit
1072 3261 1106 3308 ad
1118 3276 1215 3311 morem

111 3348 167 3383 rum
177 3334 348 3383 etBeaturum
359 3334 384 3383 iu
394 3336 544 3398 Evangelio.
554 3339 644 3387 Bartb.
682 3335 834 3385 Graecorum
853 3335 896 3399 qui
915 3350 1037 3398 sponsam
1050 3351 1130 3386 curru
1142 3340 1217 3387 vehe-

144 3412 177 3463 29
193 3409 288 3471 Anxia]
327 3409 505 3461 Sollicitudine
532 3414 644 3462 animum
682 3410 1216 3477 bantadmaritumcomitanteaffini,qui

111 3480 234 3548 affligens.
252 3486 327 3533 idom.
679 3485 1095 3551 parocbusseuobomoeprudicitur.
1112 3488 1217 3547 Pollux,

135 3563 176 3618 ¹³⁰
196 3561 339 3608 Undedala
354 3561 551 3626 populisfruges]
568 3565 646 3626 Leges
681 3563 725 3613 lib.
738 3576 781 3611 ιιι.
801 3562 938 3612 Onomast.
956 3576 1016 3624 cap.
1028 3566 1052 3611 3.
1071 3577 1132 3612 eum
1150 3564 1217 3612 Pau·

112 3635 225 3685 Cluverii
234 3635 326 3698 codex,
336 3637 403 3699 quad
415 3639 516 3700 placet:
531 3640 568 3688 ita
575 3640 645 3703 leges
681 3639 766 3686 sanias
783 3638 971 3701 paranymphum
989 3638 1126 3700 appellat:
1155 3639 1217 3688 lieet

111 3714 140 3759 et
151 3708 244 3759 aristas
253 3711 415 3773 conjunxerit
425 3728 433 3771 ς
450 3719 566 3778 utraque
577 3715 645 3764 enirn
682 3711 715 3762 de
727 3728 805 3763 curru
817 3713 937 3762 Plutonis
956 3712 1024 3761 unde
1035 3712 1151 3776 intelligi
1162 3727 1217 3778 pos·

112 3785 215 3839 Cereris
227 3798 335 3844 munus;
354 3787 460 3836 undeet
476 3788 646 3849 legiferaVir·
682 3791 726 3852 sit,
744 3794 774 3838 ut
786 3801 816 3839 ιι.
834 3788 867 3836 de
887 3789 974 3850 Ruptu
993 3787 1116 3837 habetur.
1149 3789 1216 3838 Vide

112 3860 174 3925 gilio
186 3859 256 3909 dicta
267 3859 333 3907 libro
344 3873 383 3909 tv.
397 3860 570 3923 ubifrugifera
581 3867 645 3913 mul·
683 3873 807 3924 nostrum,
820 3863 863 3911 ubi
875 3862 971 3926 inquit:
989 3862 1167 3927 ‘Pilentaque
1179 3878 1218 3912 sa·

111 3936 133 3984 ti
143 3936 245 3986 codices
256 3949 409 3998 perperam:
427 3937 485 3986 hinc
493 3946 519 3986 et
530 3938 645 4001 θεσμοφό·
682 3954 751 3990 cram
782 3937 941 4002 praeradiant
967 3937 1080 3986 ductura
1106 3937 1217 3988 nurum!

111 4009 210 4073 peuejns
218 4024 301 4074 sacra,
309 4018 336 4059 et
345 4011 584 4075 θεσμοφοριάζουσαιι
599 4015 646 4063 sed
682 4018 791 4080 Dempst.

113 4092 141 4134 et
157 4082 300 4149 beauopbpos
319 4087 398 4144 Ceres
418 4090 490 4152 ipsa:
507 4097 645 4154 utrumque
715 4099 748 4144 32
764 4096 825 4144 Dux
837 4093 922 4155 Erebi]
938 4093 1027 4143 Pluto.
1045 4094 1137 4144 Bortls.
1160 4081 1163 4086 ¹

114 4159 193 4210 etiam
205 4158 340 4223 conjunxit
351 4159 473 4227 Ovidius,
483 4163 527 4220 lib.
537 4178 565 4217 v.
577 4166 645 4220 Met.
716 4168 928 4235 Exarsitiuiram]
942 4168 1174 4223 EaioitVossiu'nm
1181 4170 1216 4221 al·
