2662 4696
208 328 260 379 nu
282 329 408 380 narro
433 332 681 385 onustantur
705 335 781 384 srs.
805 333 863 385 111.
1001 320 1092 391 loto

87 471 177 538 histo]
194 472 283 536 Spolia
295 474 421 522 aviotore
439 474 535 531 Duce*
586 477 636 523 669
654 475 735 538 Ipsum
755 477 827 526 etium
845 492 888 540 ner
907 478 974 528 itsro
992 480 1091 545 Joortn]

87 557 171 599 rsots.
188 550 277 599 Bartlt.
556 550 703 600 Clavarlsni
712 551 808 601 codicis
817 555 975 618 scripturam
984 570 1091 619 expres·

87 626 244 689 l'srrigerrsm]
261 627 413 690 Gigantum.
430 629 505 677 Idem.
553 626 641 688 simus,
649 642 727 692 qoam
734 634 763 678 et
772 629 1089 693 Rapbelengissseeutns:

87 703 114 750 Vi
125 704 216 766 tapsum
221 703 321 762 fulciret
330 706 438 767 proximo
450 719 516 768 qner-
553 718 613 753 nsm
624 706 680 754 sive
689 706 798 768 petitum
808 721 867 755 cnm
878 707 992 770 vulgatis
1010 710 1092 775 leges,

87 779 112 828 lii
132 781 237 841 mosum:
265 781 311 829 sed
332 783 352 829 si
373 784 447 844 lapsa
460 783 516 846 jam
554 781 609 830 sive
623 780 731 842 feritura
751 798 809 832 uum
829 785 934 846 scriptis
952 787 1091 849 nonnullis,

87 869 112 903 m
123 855 200 904 video
212 872 262 919 qno
280 858 356 906 modo
374 857 459 908 fulciri
472 874 516 923 po·
554 858 709 907 claudicabit
721 873 818 909 versos.
841 860 963 909 Bartbius
971 866 1040 924 pstor
1051 863 1092 912 iro

103 931 175 994 Lege
194 933 275 995 igitur
286 935 371 982 iussum
383 950 439 983 curu
455 936 518 984 Del·
554 949 605 983 non
616 935 693 984 male.
708 937 744 984 D.
757 935 843 987 Heius.

87 1009 203 1072 [singrini
226 1013 327 1072 codice,
345 1028 376 1062 ac
395 1028 440 1062 sex
459 1029 516 1063 nos·
588 1010 719 1060 Peritum
741 1010 837 1073 Jooem]
860 1012 945 1062 Nobis
965 1013 1029 1062 illud
1047 1029 1092 1077 per

89 1086 518 1150 ylliodepnoen1oe2⁴ceutsna
553 1088 636 1135 Jooertt
657 1087 693 1136 irs
721 1089 823 1153 longius
847 1090 921 1138 abiro
942 1104 958 1139 a
983 1089 1090 1140 Claudi·

87 1164 105 1211 is
129 1161 219 1212 Ardua
242 1165 370 1213 Caucasio
390 1172 466 1215 nutat
485 1167 518 1215 de
554 1163 726 1215 anoridetur.
759 1167 893 1214 Scribam:
909 1172 977 1230 petru
996 1168 1091 1217 iro-lo·

92 1240 187 1302 pinus'
220 1240 319 1289 Statius
336 1241 416 1292 Theb.
436 1255 454 1291 r.
471 1243 516 1291 ‘iu
554 1255 613 1289 rem.
629 1241 706 1292 Quod
719 1241 825 1304 dignum
838 1242 922 1292 Genio
936 1245 1050 1294 auctoris
1060 1250 1089 1294 et

87 1315 517 1382 ithaeronPorrigitur‚lassumque
556 1316 680 1378 reiipsius
692 1318 835 1366 momentis.
855 1317 943 1367 Bortlt.
958 1359 968 1367 .

87 1393 128 1444 ¹ist
138 1394 395 1458 aequoramontern2’
424 1396 461 1444 sic
474 1411 518 1458 op·
587 1397 636 1442 862
655 1394 726 1442 Certo
751 1398 879 1457 proetmtoi
908 1394 1005 1444 burlis
1025 1395 1092 1459 nias]

88 1469 231 1520 ombrauae.
265 1470 310 1519 Sic
319 1470 385 1518 libro
399 1471 481 1533 primo
491 1470 517 1520 in
554 1470 681 1519 Perrettsrt
688 1470 780 1519 decem
789 1471 849 1521 libri
859 1487 866 1518 s
886 1476 938 1519 tres
947 1475 1092 1534 marmortt

87 1560 132 1596 nv.
140 1551 198 1596 2⁷6.
210 1547 291 1595 ‘lasso
298 1547 361 1594 ratis
370 1547 492 1610 procellis
500 1548 516 1596 :'
555 1547 622 1610 quod
636 1547 786 1596 tantundem
798 1555 888 1596 noster
898 1547 977 1595 olibi:
995 1547 1092 1596 ‘Belli-

87 1620 106 1671 si
126 1621 235 1685 pontes’
257 1622 399 1670 Consulatu
425 1622 518 1670 Manlii
555 1621 627 1685 quies
637 1636 772 1671 numerare
783 1621 874 1672 breves
883 1624 1091 1687 parvamquejo·

89 1696 113 1745 ri
124 1712 161 1746 ss.
172 1701 230 1745 2³⁷.
243 1697 371 1760 quomodo
381 1698 517 1759 castigavi·
556 1698 628 1746 rabit
636 1698 798 1748 Peroensere
806 1699 925 1749 manum?
957 1700 1091 1749 ‘Persem

87 1783 188 1836 umque
199 1772 293 1821 locum.
310 1773 344 1820 D.
357 1773 444 1820 Heius.
556 1788 613 1822 sere
625 1774 675 1823 atri
696 1775 809 1825 seninm'
827 1776 896 1824 uixit
912 1776 1010 1826 Statius
1025 1777 1091 1826 'lbe-

87 1849 138 1898 ,ωε
149 1847 231 1910 timor]
241 1849 382 1897 Petronius
393 1863 407 1897 e
418 1849 516 1900 Statio:
555 1849 623 1899 bald.
633 1864 653 1898 ι.
671 1850 756 1901 Niobe
775 1851 846 1915 apud
867 1852 977 1902 eundem
995 1853 1041 1903 lib.
1052 1867 1091 1915 tv,

87 1939 108 1973 ts
117 1925 144 1973 iu
157 1925 220 1973 orbe
231 1923 371 1973 Deosfecit
382 1924 477 1974 timor!
556 1930 563 1956 ‘
575 1929 673 1978 tumido
684 1936 823 1993 percenset
833 1929 923 1979 funera
932 1930 1022 1980 luctu)
1053 1931 1092 1979 Sl·

87 2018 158 2066 esque
174 2003 232 2065 loco]
249 2003 313 2051 Luci
332 2003 462 2052 habebant
473 2003 518 2052 mi·
555 2005 605 2054 lius
615 2004 660 2054 lib.
669 2017 716 2055 xv.
731 2007 868 2070 ‘Dumque
877 2005 1021 2057 euconfuso
1031 2020 1091 2071 per·

87 2079 518 2142 ttorquoddamnuminrrm.Burtlt.
555 2086 644 2129 censet
663 2096 794 2132 murmure
814 2083 926 2148 vulgus!
968 2084 1090 2134 Gratius:

87 2155 177 2204 Robora
187 2156 284 2217 tallere]
303 2156 401 2218 Religio
411 2157 463 2205 luci
475 2171 519 2206 re·
555 2158 562 2183 ‘
573 2164 628 2205 tom
639 2156 732 2206 delude
743 2159 863 2221 monebo,
877 2161 919 2209 Ne
930 2168 1039 2210 matrem
1051 2161 1092 2210 in-

99 2231 241 2280 soolerstos
261 2238 288 2280 et
306 2233 418 2280 immites
438 2231 518 2282 offen·
556 2233 646 2282 docilis
658 2241 777 2284 natorum
791 2233 1092 2298 turbafatigstPercen·

87 2306 186 2356 bores:
219 2308 286 2356 tales
305 2306 382 2356 finxit
399 2313 518 2357 vetustas
556 2322 614 2356 sere
637 2309 714 2371 notis,
737 2310 844 2373 jamque
865 2310 927 2359 inde
948 2325 1092 2363 excernere

87 2397 119 2432 ss.
153 2383 222 2432 Gell.
246 2396 312 2433 xxv.
333 2398 390 2446 usp.
410 2388 451 2434 21.
476 2383 518 2432 De
557 2384 667 2447 parvos!
685 2385 1090 2451 Proaissetiamnisnlegeeum

87 2459 134 2509 tali
145 2474 232 2508 eorum
242 2467 375 2510 certamen
387 2467 442 2520 est3
460 2472 517 2508 nam
557 2461 662 2522 scriptis
674 2462 912 2526 Raplrelengioque,
929 2471 956 2513 et
967 2465 1028 2514 molo
1042 2480 1092 2532 pro

86 2536 137 2584 ntis
156 2543 242 2597 terrae,
260 2550 310 2584 non
328 2536 419 2585 insulse
438 2536 518 2585 fuisse
555 2540 629 2598 cluso,
641 2539 717 2600 paulo
730 2546 797 2599 post.
814 2540 849 2589 D.
863 2539 951 2590 Heius,
1010 2536 1013 2540 ’

96 2609 298 2662 docetTurueb.
310 2613 353 2661 lib.
369 2626 446 2662 xxiv.
458 2627 518 2675 oap.
588 2612 708 2676 Bruttio]
728 2614 822 2663 Rastros
839 2616 1000 2665 extensiores
1016 2616 1093 2668 arbo·

87 2687 132 2738 lib.
154 2701 234 2737 xxrx.
252 2704 308 2751 cap.
328 2691 369 2737 32.
386 2690 426 2737 Ex
438 2689 516 2738 Hom.
556 2704 620 2740 rum.
636 2691 720 2739 Bortlt

87 2779 127 2815 yss.
145 2767 227 2828 prino.
251 2767 288 2815 At
308 2774 442 2830 receptam
459 2783 518 2816 sen·
589 2769 637 2815 663
652 2765 893 2830 Sic‚otioeottrrsnt]
904 2767 947 2816 Ita
955 2768 1053 2832 Regius
1063 2775 1092 2819 et

87 2854 214 2904 tsequeus
234 2849 332 2903 noster,
351 2844 425 2904 ponit
436 2857 480 2892 eos
491 2845 518 2893 in
556 2855 623 2889 unus
636 2842 787 2891 Medicsus:
807 2842 884 2905 vulgo
894 2848 1010 2893 renerus.
1027 2845 1092 2894 Mox

88 2932 110 2968 s.
118 2918 151 2967 de
162 2921 266 2982 Raptu:
278 2921 437 2969 assentiente
444 2921 518 2985 virg.
555 2917 659 2982 cupressi
669 2918 789 2966 meliores
800 2933 806 2966 :
824 2924 852 2966 et
863 2919 972 2967 Miretur
982 2934 1046 2969 unus
1058 2934 1092 2970 ex

89 3028 96 3045 .
111 2995 244 3044 ‘AEtnaeos
251 2993 345 3043 fratres
355 2997 421 3045 ooelo
430 2996 519 3060 capita
556 2993 693 3043 Mediceis.
708 2995 742 3042 D.
752 2993 839 3042 Heius.

87 3072 300 3135 entes.'Dempst.
589 3073 638 3119 666
656 3068 764 3118 Rndibns
783 3067 863 3132 mian]
895 3069 1040 3121 Arboribus
1062 3078 1092 3122 ut

87 3148 213 3211 rerutque
231 3151 321 3197 insutu
336 3146 449 3209 securim]
472 3148 518 3197 Al·
558 3152 627 3194 terra
638 3150 750 3207 prosntae
763 3151 831 3194 sunt.
850 3145 942 3198 Bortlt.

104 3223 197 3285 scripti
217 3223 321 3286 qrridnm
345 3223 448 3280 infesto:
468 3236 518 3271 non
590 3226 638 3270 3⁷⁰
657 3221 797 3285 Cupressus]
811 3222 896 3272 Taedoe
905 3225 1010 3275 Cereris
1022 3227 1093 3292 apud

94 3298 189 3361 Virgil.
202 3312 232 3346 11.
245 3299 301 3347 AEn.
314 3300 346 3348 de
360 3306 450 3348 tauro:
467 3300 519 3349 ‘in·
558 3297 681 3346 Ovidium
692 3307 751 3347 sunt
769 3299 862 3362 pineae.
881 3301 976 3352 Closer.

92 3375 208 3422 excussit
225 3375 327 3423 cervice
338 3374 465 3424 securim!
481 3377 519 3424 si·
590 3379 638 3424 37³
657 3375 774 3439 Apollinei
785 3377 887 3425 nemoris
897 3380 1003 3428 nutritor
1015 3381 1093 3430 Oron-

87 3464 133 3500 .v.
149 3452 333 3514 ‘pressamque
351 3451 383 3499 ad
403 3452 469 3499 colla
484 3453 521 3501 bi·
558 3453 604 3517 tes]
621 3451 825 3501 Celeberrimum
846 3467 936 3502 nemus
955 3455 981 3502 iu
1002 3455 1093 3504 subur·

87 3525 212 3575 tluoerta
221 3526 324 3574 cervice
334 3525 520 3577 ferensaltaria
558 3527 606 3578 biis
617 3526 773 3586 Antioohiae,
790 3527 891 3577 Oronte
909 3527 989 3579 fluvio
1000 3531 1095 3595 preele-

118 3604 245 3654 Prudent.
265 3604 406 3668 Apotheos.
423 3607 521 3656 ‘lncer-
559 3603 647 3666 berte,
664 3604 783 3666 Daphnon
795 3610 971 3668 nuncupatum
984 3607 1095 3658 olauro·

87 3686 189 3728 intratur
207 3682 311 3728 victima
330 3679 445 3731 serrum!
477 3685 521 3733 Se·
559 3694 615 3727 rum
624 3677 779 3742 frequentia.
797 3679 886 3728 Burtlt.

90 3756 169 3806 edea:
182 3757 314 3819 ι1666116,
322 3772 422 3822 vecors,
433 3767 520 3808 mente
592 3756 639 3802 874
651 3754 783 3803 Frondibut
793 3755 877 3819 oeqnss]
889 3757 1018 3808 Frontibus
1029 3759 1094 3809 Par-

87 3831 193 3881 referor
213 3833 308 3883 Partes
323 3835 475 3884 inomnes?
493 3841 520 3884 et
559 3829 635 3877 rhasii
656 3829 738 3895 editio
756 3838 785 3878 et
804 3839 904 3894 septem
926 3846 959 3880 ex
987 3833 1093 3896 scriptis

96 3909 202 3958 Incerta
215 3910 297 3973 quatis
313 3911 420 3960 entheos
431 3926 521 3964 cursus
559 3905 664 3954 11011111·
698 3905 767 3954 Socii)
777 3908 865 3956 11111111
877 3922 935 3957 mox
946 3909 1003 3970 pari
1016 3909 1094 3960 modo

87 3998 129 4033 nm
133 3985 186 4048 jam
197 3993 305 4049 recepto
316 3988 415 4036 Maenas
425 3989 521 4038 insanit
559 3981 630 4031 diuet
641 3996 648 4030 t
667 3983 785 4046 pluribus
796 3997 884 4045 sopra.
909 3984 1004 4032 Extant
1014 3985 1094 4034 etiam

88 4069 116 4111 et
133 4062 244 4112 deinde:
262 4065 376 4127 ‘anceps
392 4072 470 4114 aestns
483 4066 521 4114 in.
559 4059 650 4122 scripti
670 4059 799 4108 nonnulli:
817 4065 845 4107 et
864 4060 1028 4123 alternumque
1040 4068 1094 4111 tres

89 4139 179 4202 rapit!
197 4141 231 4189 D.
245 4141 331 4188 Heius.
559 4137 770 4187 Florentioicutu
781 4136 911 4194 Palatino.
946 4137 975 4186 D.
989 4138 1077 4187 Het'tts.

87 4213 208 4280 tol-Ipsa
218 4215 360 4267 iracundia.
377 4217 466 4272 Barth.
519 4242 522 4247 ·
591 4217 641 4266 ito
657 4213 707 4267 Ha
724 4214 833 4277 pium
849 4213 933 4277 lares]
953 4215 1095 4268 Suritble
