2662 4696
160 306 246 373 1480
343 322 451 370 norm
475 320 675 369 vnuiouun
701 319 742 367 ru
766 318 822 367 on.
844 319 984 369 cuiun.
1008 320 1079 369 xx.

158 462 332 514 fundamentis
349 477 429 527 usqne
445 463 502 513 iuris
520 461 641 512 fluetibus
660 461 689 511 fi·
726 461 942 511 Luceuununo:
958 462 1031 524 prim.
1050 461 1137 511 Vatic.
1157 468 1186 511 et
1201 463 1262 512 Ma.

157 540 689 602 nemfseiet,exlrenstonoxioetcorrupto
726 553 778 588 zer.
797 554 856 587 cnm
879 540 1010 588 0iseliauo
1028 540 1106 588 victu:
1131 539 1200 603 quod
1218 553 1261 588 se·

157 618 272 666 humore.
289 616 378 665 Bortls.
726 627 801 677 quor.
818 613 926 676 Gyruld.
935 619 1013 676 rupto.
1031 613 1114 663 Aldus
1126 621 1152 661 et
1165 615 1259 677 scripti

191 697 222 742 1⁷
243 691 339 754 l'uouis]
363 691 487 740 vacuatis
507 691 628 754 sanguiue
651 691 688 740 in·
725 688 839 736 nonnulli
863 694 942 751 rupto,
964 690 1077 752 quinque
1097 695 1186 752 rupto.-
1210 705 1260 753 pro

157 767 235 819 fecto.
253 768 327 816 Idem.
726 764 852 824 Mulciber,
862 766 973 813 Lucens.
995 764 1117 823 illnles'jer.
1136 773 1165 812 ut
1186 779 1259 825 saepe

185 848 216 893 18
231 842 333 899 ,ireseut
346 841 405 902 sons
421 842 462 891 iile
480 841 548 905 mols]
574 843 689 892 Exundet
725 837 1261 900 invetustislibrisscribitnr‚emulcendo

157 920 231 982 prim.
251 934 283 967 oe
306 925 368 967 tert.
388 919 508 967 Vetieeu.
525 925 553 968 et
572 932 616 967 sex
636 919 689 968 ulii.
726 914 813 966 ferro:
831 919 949 981 sequenti
971 933 1046 965 versu
1065 917 1127 965 Hoee
1137 917 1261 980 flagrant,

155 990 247 1044 Scribo
260 995 370 1042 Exudet:
386 993 515 1042 exuberare
531 994 568 1041 sic
581 993 606 1040 in
617 992 689 1055 Apo·
725 992 783 1054 dae,
792 994 913 1052 nundino,
922 993 1028 1054 scripti:
1042 992 1117 1041 bene.
1128 994 1162 1041 D.
1171 992 1276 1051 Heius.¹

155 1085 190 1119 no
213 1070 288 1120 dixit.
321 1069 411 1131 Virgil.
438 1071 570 1119 ‘exsudet
591 1068 689 1117 inutilis
758 1065 862 1127 Nereus]
896 1066 1102 1131 Exundetiones‚
1134 1075 1259 1129 portenta

156 1146 265 1195 humor!
297 1145 422 1196 Graiium
439 1145 485 1192 ‘nt
496 1158 571 1192 omne
583 1144 689 1192 Eundet
726 1140 802 1189 mels.
819 1141 910 1189 Basti.

155 1221 248 1271 vitium
276 1222 419 1282 subestque
449 1218 592 1268 latentibus
620 1221 689 1268 ultro
758 1219 789 1264 88
808 1216 914 1264 Nonis«
922 1214 1260 1278 poeuom]Oceultatrerum

156 1299 222 1350 Quae
239 1295 309 1346 fectu
328 1303 368 1346 est
385 1295 514 1344 medicine
531 1293 631 1345 malis:'
652 1296 690 1345 sie
726 1291 824 1340 mmlnu
835 1291 905 1340 Dens
923 1290 972 1355 (uit
985 1292 1054 1340 Pliu.
1066 1291 1091 1338 in
1104 1289 1214 1354 Peneg.)
1232 1297 1260 1340 et

155 1374 232 1436 melo,
243 1386 319 1437 qnam
332 1372 454 1420 uenat.
476 1371 601 1434 Sequenti
613 1384 688 1420 versu
727 1370 877 1432 plerumque
886 1369 1009 1416 bonorum
1019 1367 1192 1431 mulorumque
1199 1381 1261 1416 can-

154 1450 239 1512 degere
251 1462 297 1511 pro
307 1446 463 1497 vivereidem
475 1446 550 1509 prim.
563 1446 649 1497 vetio.
661 1453 689 1496 et
726 1456 761 1493 sn
773 1442 820 1493 sub
830 1444 1029 1508 diverssspecie
1040 1445 1137 1492 latent:
1149 1457 1179 1491 ac
1188 1450 1260 1492 teste

155 1535 209 1578 tres
221 1541 253 1576 ex
266 1527 376 1576 nostris:
395 1526 474 1575 etiarn
486 1524 576 1587 probe.
597 1524 688 1573 Malim
726 1521 864 1570 Lucretio:
883 1522 953 1570 ‘Res
972 1521 1095 1569 humanas
1114 1519 1152 1566 vis
1168 1518 1258 1568 abdite

156 1610 184 1652 et
193 1617 288 1651 secoro:
305 1616 362 1649 nem
384 1601 467 1662 primu
487 1598 529 1648 ed.
540 1615 639 1657 secure:
655 1600 689 1648 tle
730 1597 847 1661 qnoedem
860 1595 984 1647 Obruit:
1002 1597 1096 1644 Cluver.

156 1692 209 1742 quo
218 1676 356 1726 videantur
365 1690 424 1740 quse
432 1680 551 1724 uotsrnus
561 1674 594 1725 sd
603 1676 688 1737 Epist.
756 1677 788 1722 87
805 1673 929 1722 ineundus
940 1671 1051 1734 tridenti]
1080 1671 1118 1719 Ut
1138 1671 1257 1732 impellas

156 1752 374 1816 Hypermnestrae
394 1751 560 1816 Nesoniune,
587 1767 624 1802 vs.
647 1756 688 1802 64.
724 1748 900 1798 intotesillss
920 1749 1004 1798 'terres
1019 1747 1070 1797 virn
1083 1745 1259 1796 tuorumilne-

156 1828 192 1879 0.
203 1828 289 1878 Heius.
726 1831 806 1873 tuum.
827 1825 914 1874 Bortlr.

192 1905 254 1954 Fons
275 1904 343 1967 moli]
376 1903 522 1968 Seelnrigo,
549 1903 687 1968 subjiciens
757 1903 789 1948 89
809 1899 909 1962 Urbem]
940 1898 1009 1948 Setis
1031 1897 1151 1962 equidem
1177 1896 1258 1945 inole-

154 1992 210 2029 sese
221 1994 332 2042 semper.
351 1979 439 2028 Bootis.
723 1984 834 2039 menter,
845 1992 878 2026 ne
890 1978 974 2028 dicum
984 1977 1045 2042 quid
1057 1978 1174 2040 emplius.
1189 1976 1258 2026 Sene

187 2058 221 2103 2⁰
237 2052 337 2116 Aulum]
370 2053 512 2118 Imperium
540 2054 687 2106 Orientale.
725 2054 922 2104 Rornaeveteris
939 2062 1081 2118 perpetuus
1100 2061 1128 2104 et
1144 2055 1258 2118 exquisi-

158 2130 234 2180 ldem.
725 2136 766 2178 tus
786 2135 888 2179 ametor
909 2136 960 2179 uon
980 2131 1066 2192 poluit
1087 2145 1174 2180 emere
1191 2131 1259 2180 huuc

186 2211 219 2255 22
235 2204 348 2254 Lnstrore
358 2205 444 2254 solebit
455 2206 572 2270 Oceanus]
589 2206 688 2255 Etiam·
725 2204 836 2266 Noram,
848 2220 904 2268 quie
914 2218 1032 2253 erescere
1044 2207 1144 2269 nequiit
1157 2205 1211 2254 siue
1223 2207 1261 2253 al·

154 2283 185 2346 sl,
195 2283 241 2346 alt,
258 2296 360 2331 omnem
371 2282 450 2330 meris
461 2283 576 2330 universi
593 2281 687 2331 undem
725 2282 806 2330 terius
818 2282 994 2332 decremento.
1011 2283 1086 2333 Idem.

154 2358 297 2416 insumatis,
315 2371 367 2406 non
389 2357 508 2420 poteritis
527 2357 616 2405 eluere
637 2357 687 2405 hoc
757 2360 790 2405 40
808 2358 896 2407 Omnia
908 2359 1009 2420 tempus]
1027 2359 1115 2406 Omine
1132 2358 1261 2416 nonnulli,

154 2441 254 2483 tentum
267 2432 389 2482 dedecus.
422 2433 499 2479 Idem.
725 2440 753 2482 et
768 2435 886 2496 sequenti
898 2448 971 2482 versu
983 2435 1081 2481 discolor
1101 2447 1148 2496 pro
1159 2435 1260 2484 decolor.

186 2512 219 2558 48
236 2507 334 2569 Diluet]
366 2504 431 2554 'Arri
458 2506 544 2554 delitet.
585 2505 685 2568 snpra:
725 2511 761 2558 D.
774 2510 860 2558 Heinn

153 2583 283 2633 ‘immotis
294 2582 395 2630 haesere
407 2580 508 2642 plneulu
519 2578 599 2630 istis!
759 2585 859 2648 Tempus
868 2583 947 2647 meni]
964 2584 1025 2633 Non
1035 2584 1101 2632 eninr
1111 2583 1258 2633 hahuerunt

166 2674 169 2678 ’
185 2657 386 2721 stringuntur
398 2656 456 2720 exe]
479 2655 518 2704 At
534 2657 584 2704 olto
595 2656 686 2719 primm
725 2657 757 2707 nb
768 2658 843 2707 initio
859 2657 948 2706 muudi
967 2659 1028 2721 isle,
1046 2664 1076 2707 ut
1091 2659 1174 2707 videri
1194 2659 1259 2709 vrrlt.

154 2736 214 2786 edd.
226 2733 334 2798 Gyruld.
342 2738 370 2782 et
378 2746 443 2781 unns
452 2746 485 2780 ex
492 2731 601 2780 nostris:
619 2745 687 2781 vere.
723 2735 813 2784 fleret.

153 2810 244 2862 Altum
268 2810 348 2881 enim¹
365 2807 489 2873 quioquid
512 2807 685 2871 profundum:
755 2797 787 2860 tl
807 2811 909 2859 Decolor
918 2809 1005 2873 imber]
1020 2811 1159 2874 Sanguine.
1180 2811 1257 2862 idem.

154 2894 254 2953 septem
267 2887 310 2935 elii
327 2885 433 2947 inferna
441 2901 452 2943 ,-
468 2890 498 2934 nt
509 2898 567 2934 eum
582 2884 688 2934 eucerius
756 2892 788 2936 4²
807 2887 913 2936 Dissouu
921 2892 994 2950 portu
1005 2886 1113 2950 Semina]
1130 2888 1258 2950 'l'renspo-

155 2968 340 3015 construetur:
366 2970 395 3011 et
413 2961 440 3011 id
464 2961 622 3012 admiserim.
650 2964 686 3014 D.
724 2964 785 3013 sitio
797 2970 837 3013 est
849 2964 986 3013 verborum
1003 2964 1159 3013 obversum.
1188 2965 1257 3014 Nem

153 3038 242 3090 fleu.
724 3039 862 3089 dicendum
885 3046 942 3088 erut
961 3039 1100 3088 seminibus
1121 3040 1257 3103 incongrui

156 3104 171 3129 ”
187 3110 627 3177 Mugitsselooeelieddiissinr'erno]
637 3114 687 3163 Ts-
724 3124 823 3179 purius.
854 3114 897 3165 Sic
908 3115 987 3164 ulibl:
1004 3115 1133 3165 ‘Laetitim
1151 3130 1258 3164 caussas

153 3192 192 3240 les
209 3188 324 3252 mugitus
341 3186 443 3250 fingunt
464 3187 580 3252 prodlgie
599 3202 686 3238 rerum
722 3192 827 3257 ignorat
838 3192 927 3241 dicere
939 3190 1029 3242 miles.'
1046 3192 1112 3241 Cum
1124 3192 1188 3242 velit
1199 3207 1257 3254 per-

152 3262 393 3316 iuielicissimurnm.
410 3258 499 3314 Bortl'.
723 3267 823 3332 hibere,
830 3261 1012 3318 dioere'rnilitern
1018 3267 1130 3330 ignorare
1138 3283 1187 3317 sese
1194 3268 1257 3317 ilius.

186 3346 218 3391 88
237 3340 325 3390 Rodios
346 3346 433 3388 menno
454 3340 566 3390 entorses
590 3341 687 3406 libret]
723 3344 808 3394 Idem.

152 3412 254 3468 Vedios
265 3417 381 3466 occultos
388 3415 521 3481 intelligit,
530 3418 596 3467 uude
609 3427 686 3469 terres
755 3424 787 3469 45
806 3419 865 3469 Sine
882 3417 958 3482 more]
975 3418 1080 3468 Praeter
1096 3434 1171 3469 nsum
1192 3434 1260 3469 eom·

154 3501 248 3544 motus.
266 3494 341 3541 idern.
725 3510 837 3545 munem.
855 3495 929 3545 Idem.

185 3573 220 3619 80
236 3567 373 3618 innobilem
383 3568 477 3633 rursus]
494 3567 562 3618 Nem
574 3585 590 3618 s
602 3576 685 3620 truns-
756 3576 789 3621 46
807 3572 908 3620 Pectora
914 3569 1025 3634 fatidici]
1038 3569 1148 3636 Terrijici
1158 3571 1259 3620 exarati

153 3642 686 3707 ituArgouenterumconstiterant.luem.
723 3648 779 3697 fere
798 3661 904 3696 omnes:
932 3647 1011 3711 idque
1030 3651 1110 3695 reete.
1148 3645 1257 3707 Statius,

185 3724 219 3791 88
238 3719 314 3770 nott
330 3718 440 3783 populos]
455 3720 491 3768 Ut
504 3720 639 3770 Furiarum
651 3723 687 3772 sit
722 3721 804 3774 Theb.
815 3730 858 3773 111.
874 3722 1051 3786 ‘terrificique
1060 3721 1256 3772 uberitdemen·

153 3796 262 3864 regnum
272 3798 298 3846 iu
306 3795 415 3847 Mundo.
433 3796 509 3846 Idem.
724 3801 759 3850 tiu
770 3799 862 3850 Plnebi
871 3799 888 3849 :'
905 3799 1005 3864 tern'fici
1015 3799 1093 3848 etiem
1105 3803 1171 3847 ootos
1186 3799 1256 3862 apud

165 3894 168 3899 ·
186 3878 219 3926 88
237 3874 355 3926 Mulciber
362 3872 431 3938 ipses
437 3874 574 3943 sparserit]
584 3876 685 3940 ignitum
723 3875 817 3939 virgil.
834 3874 868 3925 D.
880 3873 966 3924 Heius.

153 3950 500 4017 prodigisireqnentissims.
521 3950 686 4017 Notaiulgn·
755 3951 878 4014 tenuem
895 3946 990 4012 Psoeit]
1024 3946 1125 3997 Ardere
1146 3948 1170 3995 in
1193 3960 1257 4010 prae-

152 4022 194 4090 n',
202 4026 327 4088 tonitrus,
336 4026 417 4088 isoes,
429 4028 503 4092 Solis,
513 4030 604 4092 Lunae,
614 4028 685 4080 lsbo-
723 4027 858 4078 dictiones.
875 4027 964 4078 Bortlo.

153 4114 204 4169 res,
215 4104 301 4168 lspsns
311 4103 489 4164 siderum‚&c.
499 4120 556 4170 qnae
564 4106 607 4155 hie
616 4118 684 4154 conr·
753 4106 786 4153 tu
803 4101 922 4164 Fotolenr]
940 4100 977 4150 Ut
986 4101 1104 4149 nimiunn
1116 4100 1164 4162 ipsi
1174 4101 1254 4150 etism

152 4180 349 4249 prehendunt'ur
359 4179 519 4243 paucissimis
530 4176 623 4231 verbis.
645 4180 684 4231 Id.
721 4176 897 4231 nmnihonoie
912 4185 939 4227 et
958 4175 1086 4247 felicitate
1100 4176 1170 4227 uelut
1181 4186 1255 4224 exse-

184 4258 217 4306 ss
237 4255 466 4330 Vtuopronpm
485 4246 558 4325 olim
579 4253 684 4319 Nem]
721 4252 850 4307 nentur.
867 4250 964 4306 ineu.¹
