2662 4696
488 329 546 377 or..
569 328 798 377 cornorum.
1116 309 1204 376 1759

127 491 173 532 ιο
185 477 318 547 tempore
330 468 398 547 plus
410 466 605 527 subsidiorum
618 465 733 544 adeptis
742 486 885 526 resumere
896 467 1019 527 eandem
1030 488 1159 546 operam,
1170 480 1200 530 et
1286 527 1287 531 ,

135 564 283 644 quicquid
298 564 327 621 in
351 562 454 621 eodem
477 563 679 641 praestitissent
691 562 739 621 alii
753 563 925 634 examinare,
940 563 1039 643 itaque
1052 565 1200 641 pretiosis·

126 642 247 722 'simum
262 660 433 736 scriptorem
449 659 593 737 excipere,
610 668 642 718 ut
658 660 795 737 primum,
810 660 909 739 quoad
930 660 995 735 ejus
1016 660 1077 720 tieri
1091 672 1202 741 posset,
1300 721 1313 745 ,

138 757 330 816 redderemus
345 754 633 825 emaculatissimum‚
646 754 751 815 deiude
761 765 797 814 et
812 755 1206 836 clarissimum-Conquisi·

140 855 181 913 tis
194 855 295 930 itaque
308 853 455 912 veteribus
469 851 561 921 libris,
577 850 714 910 adhibitis
727 850 879 910 doctorum
895 852 1044 910 hominum
1058 871 1207 912 commen-

128 950 317 1017 tationibus,
340 957 371 1006 et
393 947 473 1006 omni
496 966 601 1024 genere
622 946 727 1005 veteris
747 947 943 1026 Philosoplriae
963 948 1204 1026 Philologiaeque,

142 1047 316 1123 nullumque
330 1045 390 1104 fere
405 1064 480 1102 verae
489 1044 685 1121 legitimasque
696 1043 887 1121 Antiquitatis
900 1053 1052 1104 auctorem
1064 1047 1205 1105 intactum

141 1143 353 1220 relinquentes,
368 1160 434 1199 eum
449 1138 642 1209 confecimus,
654 1149 754 1197 nostro
763 1139 855 1198 solum
869 1140 974 1210 Marte,
990 1142 1059 1200 sutis
1073 1141 1204 1219 amplum

140 1238 326 1313 liberumque
341 1220 593 1304 commentarium,
610 1254 697 1312 quern
713 1234 769 1292 hac
783 1229 911 1294 editione
926 1236 1115 1295 exhibemus!
1151 1237 1206 1297 Ce-

115 1315 120 1323 ’
141 1323 237 1393 terum
253 1332 317 1390 haec
333 1333 404 1391 edit.
420 1332 531 1394 mendis
546 1339 650 1401 scatet,
666 1331 828 1408 praesertim
850 1332 879 1389 in
902 1332 1028 1401 Graecis,
1049 1332 1128 1409 quod
1144 1332 1205 1410 ipse

143 1428 280 1487 Barthius
295 1449 352 1488 nou
374 1428 461 1487 semel
485 1438 515 1488 et
537 1426 657 1506 publice
675 1435 704 1486 et
719 1426 854 1504 privatim
877 1437 1055 1504 conquestus
1070 1438 1115 1486 est
1131 1437 1206 1486 teste

144 1527 276 1584 Daumio
301 1526 330 1583 in
355 1526 439 1603 praef.
462 1525 546 1584 Statii
569 1545 585 1582 a
608 1524 728 1583 Barthio
742 1524 878 1583 illustrati
899 1543 946 1582 au.
964 1520 1052 1583 1664.
1109 1523 1203 1583 index
1251 1538 1255 1546 '

144 1644 267 1701 quoqne
282 1624 446 1694 Claudiani,
472 1643 561 1700 quem
585 1622 664 1682 idem
680 1621 822 1680 Daumius
845 1621 931 1698 epist.
953 1637 1015 1680 xx.
1037 1622 1074 1681 ad
1094 1622 1205 1681 Thom.

144 1721 315 1779 Reinesium
329 1740 346 1778 a
358 1741 388 1778 se
403 1719 570 1778 concinnari
586 1719 668 1789 dicit,
676 1718 705 1777 in
720 1718 775 1777 hac
787 1727 865 1778 certe
880 1717 928 1777 ed.
943 1717 1035 1778 deest.

108 1815 184 1877 1651
199 1818 289 1875 Hunc
303 1836 411 1875 anuum
432 1817 591 1894 praeserunt
614 1815 673 1874 alia
694 1815 828 1892 exeurpla
851 1811 1016 1874 barthiauae
1033 1812 1082 1873 ed.
1098 1814 1207 1892 quade

144 1932 175 1971 re
191 1914 256 1972 vide
271 1915 436 1974 Gesnerum
450 1931 481 1989 p.
497 1926 623 1972 xxxiv.
637 1931 683 1994 sq.

439 2127 551 2187 AETAS
571 2127 623 2184 1v.
649 2126 875 2185 HElNSIANA

107 2328 130 2382 Α
146 2324 216 2382 Nic.
227 2322 361 2394 Heinsio,
377 2323 485 2383 celebri
498 2329 650 2399 poetarum
661 2320 829 2380 Latinorum
850 2320 1037 2398 sospitatore,
1057 2319 1107 2397 qui
1122 2321 1209 2392 etiam

146 2419 305 2479 Claudiani
320 2429 431 2478 textum
441 2419 596 2477 collatione
605 2434 736 2477 xxvrrl.
747 2420 821 2478 Mss.
834 2427 1023 2494 veterumque
1034 2414 1104 2474 edd.
1115 2436 1211 2476 emen-

147 2514 229 2573 davit
241 2515 270 2571 in
285 2515 331 2574 ed.
348 2533 373 2574 1.
391 2515 478 2575 1650.
493 2517 572 2576 alo.
588 2514 668 2574 Frid.
687 2514 838 2574 Gronovio
858 2522 968 2583 curata,
991 2512 1056 2573 dein
1079 2498 1116 2572 ex
1135 2533 1212 2572 nova

145 2609 271 2668 aliorum
286 2610 362 2666 Mss.
377 2609 532 2668 collatione
553 2609 582 2668 iu
602 2609 805 2669 Schreveliana
828 2627 868 2669 11.
882 2630 930 2668 au.
948 2609 1037 2671 1665.
1052 2610 1129 2668 notis
1143 2628 1213 2668 auc·

147 2705 233 2763 tiore.
268 2704 379 2762 Heiusii
394 2706 472 2763 curis
484 2707 601 2764 tandem
616 2714 685 2784 post
697 2707 838 2766 saeculum
854 2706 1055 2782 suasjunxere
1065 2706 1212 2765 duumviri

148 2801 304 2859 Musarum
320 2800 487 2860 sacerdotes
508 2804 555 2861 lo.
580 2802 691 2861 Matth.
706 2803 866 2874 Gesnerus,
881 2811 910 2861 et
925 2803 1002 2861 Petr.
1016 2804 1212 2873 Burmannus,

149 2916 223 2973 quas
237 2896 274 2954 ad
289 2916 337 2954 an.
355 2904 443 2965 1759.
455 2907 485 2955 et
502 2896 590 2964 1760.
600 2914 796 2956 recensemus.

113 2990 189 3052 1650
205 2991 302 3069 Lugd.
318 2993 384 3051 Bat.
412 3002 458 3052 12.
483 3012 510 3051 c.
534 3013 563 3049 11.
587 2993 655 3051 Nic.
676 2992 809 3050 Heinsii:
833 3012 882 3070 ap.
906 2991 1031 3051 Elzevir.
1054 2989 1214 3049 Heinsiana

130 3089 239 3164 prior.
281 3089 327 3147 Ad
343 3108 431 3166 quarn
447 3089 617 3149 Gesnerus:
642 3095 650 3122 ‘
666 3089 712 3146 lta
727 3089 857 3147 confessa
871 3089 961 3158 suut,’
973 3087 1076 3164 inquit,
1098 3087 1214 3146 ‘Nico-

148 3183 188 3242 lai
203 3184 317 3242 Heinsii
331 3185 368 3242 de
383 3185 479 3261 poetis
493 3184 606 3253 merita,
618 3185 659 3243 ita
670 3205 758 3262 supra
769 3205 883 3244 omnem
892 3185 999 3263 ingenii
1011 3184 1215 3261 doctrinaeque

128 3279 244 3338 aleam
261 3281 366 3356 posita,
382 3301 449 3356 quae
469 3281 505 3338 ad
530 3280 693 3358 Virgilium,
717 3281 872 3353 Ovidium,
893 3281 1040 3341 Valerium
1064 3281 1214 3349 Flaccum,

150 3373 255 3432 Silium
280 3375 416 3434 Italicum
437 3375 637 3436 ernendandos
660 3378 866 3455 ornandosque
888 3377 1025 3445 contulit,
1052 3386 1083 3433 nt
1097 3375 1215 3434 laudare

150 3470 262 3528 volenti
277 3489 313 3528 ne
326 3471 479 3528 occiuntur
494 3481 589 3532 metus
604 3473 653 3542 sit,
669 3472 743 3542 Quis
763 3473 839 3530 euim
856 3471 1028 3548 vituperati
1066 3473 1111 3528 Ea
1127 3490 1217 3547 porro

150 3565 294 3623 imbuerat
310 3566 350 3623 rei
366 3567 440 3624 bene
455 3567 599 3644 gerendae,
613 3568 652 3626 ab
674 3567 737 3644 ipsa
764 3566 958 3625 funiiliaritnte
981 3585 1046 3624 cum
1073 3565 1118 3624 his
1140 3585 1216 3644 quos

150 3659 332 3720 Claudianus
345 3661 473 3720 imitatus
488 3671 543 3731 est,
558 3683 575 3720 a
591 3663 704 3733 Msstis,
720 3682 842 3741 quorum
865 3678 997 3721 xxvrrl.
1018 3671 1161 3734 recenset,
1186 3672 1218 3721 et

150 3757 361 3816 collationibus
376 3768 505 3816 veterum
521 3759 672 3829 librorum,
693 3760 756 3836 jam
781 3757 838 3816 hoc
860 3766 991 3836 ternpore
1015 3759 1160 3837 praesidia,
1184 3769 1217 3818 ut

150 3852 380 3930 egregiaorunia
394 3854 441 3912 vel
465 3855 531 3912 hinc
553 3853 696 3931 suspicari
719 3855 816 3913 liceat.
850 3855 972 3913 Curavit
991 3855 1148 3913 editionem
1164 3873 1217 3931 per

149 3948 242 4026 ipsius
257 3947 422 4006 absentiam
441 3951 489 4010 Jo.
505 3951 527 4008 F
529 3950 583 4009 rid.
598 3950 777 4021 Gronovius,
793 3970 854 4029 quo
869 3952 932 4010 viro
955 3951 1026 4009 nihil
1044 3960 1106 4008 erat
1127 3970 1218 4009 accu-

147 4042 255 4114 ratius,
269 4043 424 4114 oculatius,
440 4045 555 4105 honoris
569 4045 655 4106 amici
667 4046 839 4108 studiosius.
873 4049 978 4126 ltaque
989 4048 1053 4111 haec
1064 4046 1144 4125 prior
1158 4046 1232 4126 1(ἰί-ι
