2662 4696
10 352 17 358 -
109 303 219 374 ΗΜ
292 321 402 372 narn
425 320 626 372 venronnu
650 322 691 372 ru
715 306 778 372 or..
795 308 935 373 curun.
960 321 1028 371 xo.

110 468 164 515 tar.
187 464 249 528 Ejus
261 478 374 527 gemmas
389 464 582 514 commendarit
592 464 645 514 Pa·
681 478 725 530 pa.
742 464 831 519 Bertis-

111 541 292 604 negyricorum
324 555 403 604 supra
431 557 482 591 non
506 556 556 590 nno
579 543 644 592 ioco·
713 544 746 590 et
763 541 845 589 Duria
858 538 948 599 farore
965 537 1014 602 pil]
1033 538 1105 589 Victa
1124 539 1208 590 Pater.
1261 561 1265 595 ι

112 617 203 666 Bartls.
682 623 709 665 et
727 631 775 680 pro
790 617 877 664 lsoaora
894 629 960 664 nnus
981 614 1055 664 uteo.
1070 630 1158 666 amore.
1179 616 1210 665 D.
1263 640 1265 671 n

145 693 263 742 Germina
273 709 329 743 cara
345 693 429 758 moria]
448 695 516 743 Carra
533 693 583 757 pri.
593 692 643 742 Va·
682 692 775 741 Heium

112 767 159 820 tic.
171 775 198 817 et
210 777 321 833 quatuor
332 771 375 820 aiii
386 784 444 820 oum
455 770 568 820 editione
580 769 645 819 Par·
714 771 745 817 25
759 768 910 817 Carminibus
917 767 988 816 toties
998 768 1146 817 lustraverat
1155 763 1211 828 aaa]

113 846 205 896 mensi.
224 852 253 894 ut
273 847 382 896 uniones
402 846 554 910 intelligat.¹
575 846 646 895 Caua
683 843 795 893 Clrorum
813 851 919 893 canuno
938 843 1007 892 circu
1025 857 1097 891 aram
1113 844 1212 894 Jnnonis

115 923 233 988 germina
253 923 331 972 rubro
350 923 413 971 mari
433 929 525 986 argute
543 936 647 984 respon·
683 921 801 970 duxerat.
835 921 960 982 Lustrare,
986 919 1115 967 celeriter
1141 919 1219 978 obire,

117 999 196 1060 tient3
213 999 275 1048 nihii
294 1007 381 1048 tamen
396 1008 483 1048 mato:
501 999 561 1048 vide
573 1005 646 1048 notas
683 1002 728 1045 aut
746 997 881 1059 praeterire
901 1003 984 1045 notat.
1013 995 1064 1043 Vel
1087 995 1119 1043 ad
1138 996 1212 1043 tustra

116 1076 202 1140 Nupt.
212 1075 309 1125 Honor.
318 1090 384 1126 vers.
395 1079 450 1126 165.
464 1077 560 1126 Noster
569 1077 644 1125 alibi:
684 1072 760 1120 tiones
772 1071 895 1135 pertinet,
911 1085 974 1135 quas
983 1069 1105 1119 carmine
1119 1081 1215 1132 perege·

115 1151 228 1201 ‘baccis
245 1159 337 1200 onerat
359 1152 531 1202 candentibus
556 1152 648 1202 aures!
684 1147 861 1210 sumptious,
879 1146 994 1196 ambiens
1011 1145 1213 1196 antemnarum

117 1228 155 1279 D.
168 1228 254 1278 Heius
685 1238 742 1273 aras
761 1224 883 1286 lunonis,
898 1235 1047 1285 numenque
1067 1223 1215 1285 propitians,

131 1310 180 1355 :lu
197 1306 390 1370 Cinnamarara]
406 1307 451 1356 Sia
466 1307 648 1370 castigatiores
686 1299 775 1355 lullum
787 1297 890 1349 artifex·
908 1298 997 1347 Barth·

114 1381 289 1432 membrana:
308 1382 366 1431 aliae
378 1397 470 1446 magno
483 1397 588 1432 numero
600 1383 648 1432 cirs-
717 1381 750 1426 28
769 1376 882 1424 litarem
895 1373 1002 1436 frtrem]
1027 1373 1122 1434 Meum
1133 1372 1214 1432 smil

114 1470 186 1507 mma
203 1459 274 1508 mira.
315 1457 444 1508 Martialis
464 1458 509 1509 lib.
529 1472 567 1508 tv.
588 1459 649 1522 Epi·
685 1452 764 1502 mittit·
781 1451 921 1500 D·Heln⁸·

119 1547 228 1599 gramm.
253 1537 292 1582 13.
327 1534 418 1583 ‘Tam
441 1536 506 1583 bene
525 1549 584 1582 rara
603 1550 650 1584 suo
718 1534 751 1580 29
769 1532 867 1580 Noctem
875 1526 1104 1590 dignatoiugaiem]
1117 1527 1215 1576 Mortem

16 1600 22 1607 ”
114 1611 258 1659 miscentur
274 1608 392 1664 cinnama
409 1610 508 1659 nardo.'
534 1610 650 1658 Pmden·
687 1604 774 1654 Oxou.
792 1604 866 1654 Item.

117 1684 169 1734 tias
184 1685 361 1735 Cathemerin.
379 1686 475 1749 hymno
488 1699 515 1733 v.
532 1686 611 1735 ‘Illic
623 1693 650 1735 et
719 1686 751 1731 30
773 1681 897 1745 Augendis
916 1679 988 1742 toris]
1016 1679 1155 1743 Ditaadis‚
1178 1679 1216 1727 ho·

120 1760 211 1822 gracili
240 1761 354 1809 balsama
382 1762 486 1810 surculo
514 1761 651 1811 Desudata
687 1759 829 1808 uastandis.
846 1759 937 1807 Bartlr.
1263 1797 1265 1816 ,

119 1833 213 1898 fluunt,
230 1849 338 1899 raraque
355 1835 489 1885 cinnama!
507 1837 605 1885 Statius
624 1836 653 1885 li·
720 1839 751 1884 32
769 1834 891 1893 Salassus
907 1833 1015 1884 misisse
1035 1834 1117 1897 Deos]
1132 1831 1218 1886 Ethit.
1263 1855 1265 1858 ⁴

118 1909 166 1962 bro
176 1923 213 1960 rv.
224 1911 294 1975 sylv.
306 1910 339 1959 ad
350 1911 490 1960 Severum:
502 1912 510 1939 ‘
518 1910 572 1974 jam
582 1911 652 1962 feret
688 1912 775 1960 malim
789 1913 850 1960 solas
862 1914 936 1961 Deos.
954 1912 988 1960 D.
1000 1911 1095 1960 Heius.

120 1986 227 2036 Indicas
256 1986 366 2047 Messes,
394 1986 562 2051 odoratisque
592 2003 652 2038 rara
721 1991 753 2035 33
773 1987 905 2036 Placatriiis
926 1985 1031 2049 Orplseo]
1058 1986 1151 2050 Orphei
1171 1997 1219 2034 rec«

120 2061 247 2113 cinnama
258 2062 394 2125 preripiet
404 2061 522 2111 Sabaeis!
544 2064 581 2112 Et
591 2064 652 2126 Epi·
690 2063 741 2113 tias
753 2062 836 2114 Aldus
846 2071 874 2112 et
885 2069 940 2126 opt.
950 2061 1074 2113 Amores.
1089 2078 1147 2113 crim
1163 2061 1216 2110 duo·

122 2137 312 2189 utdioPatris:
330 2138 418 2188 ‘dites
434 2140 653 2189 nonsitibirara
688 2139 736 2189 bus
756 2139 890 2188 Vaticanis
921 2145 948 2188 et
974 2140 1166 2203 Rottendorplr.
1193 2141 1217 2190 ei

118 2214 204 2265 Sabaei
214 2215 348 2277 cinnama,
365 2214 486 2266 odoratas
502 2231 550 2266 nee
566 2215 651 2267 Arabs
690 2216 772 2266 Oiset.
784 2224 813 2266 nt
828 2218 898 2280 apud
909 2216 1007 2280 virgil.
1025 2217 1033 2249 ⁶
1050 2217 1153 2280 Orphei
1170 2213 1221 2265 Cal·

118 2291 250 2355 decerpsit
260 2290 371 2341 aristas!
384 2290 458 2341 tona
690 2292 786 2356 liopea,
799 2293 864 2342 Lino
875 2291 1004 2342 formosus
1015 2290 1133 2355 Apollo!
1150 2292 1218 2342 tua.

132 2368 269 2418 -Cirrrrarna
284 2368 352 2431 rara]
370 2368 430 2418 Non
449 2369 533 2432 qualia
553 2369 587 2418 ad
607 2383 653 2418 nos
722 2374 753 2418 35
777 2369 848 2419 illias
867 2368 1004 2433 expectent]
1033 2370 1143 2432 [inplent
1162 2369 1231 2418 utin

117 2446 238 2508 ueniunt,
262 2445 397 2510 nobisque,
422 2445 468 2509 ait,
491 2452 554 2495 nota
583 2453 652 2495 sant.
690 2444 853 2510 quindecim:
882 2451 934 2494 tres
955 2445 1020 2494 iilius
1042 2446 1155 2508 expleat:
1177 2445 1221 2494 Lu·

119 2522 207 2571 Basti.
691 2534 763 2569 cens.
776 2527 804 2569 et
816 2520 892 2583 prim.
902 2520 988 2569 Varie.
1007 2520 1074 2568 illias
1092 2523 1222 2584 summouit

134 2602 184 2646 >18
205 2598 313 2658 Vectigal
328 2597 475 2660 connubiale]
492 2599 594 2648 Donum
609 2599 654 2648 de·
690 2598 776 2647 bene:
801 2596 898 2646 Moreti
919 2597 982 2645 illias
1001 2597 1132 2660 caprilem,
1154 2609 1224 2661 proxo

120 2672 216 2721 bitum.
249 2673 373 2736 Vectigal
388 2674 501 2736 alioquin
522 2675 590 2738 qnod
611 2675 655 2723 de·
693 2673 744 2723 ime
757 2688 854 2722 verum.
871 2674 946 2722 Idem.

119 2749 206 2812 betur,
223 2763 274 2813 quo
286 2763 337 2799 non
349 2749 443 2809 soluto,
457 2765 530 2799 merx
541 2751 599 2814 ipsa
610 2758 655 2800 aut
724 2755 756 2800 36
772 2750 824 2800 Sui
833 2749 935 2813 pertibus
944 2748 1047 2812 tegitur]
1063 2749 1172 2812 Regitur
1181 2748 1226 2798 Lae

80 2840 84 2847 ·
118 2826 247 2888 possessio
279 2825 440 2890 perdebotur
475 2826 655 2891 antiquissimo
692 2845 761 2880 cens.
781 2829 855 2892 prim.
871 2829 993 2878 vatican.
1010 2834 1040 2876 et
1055 2823 1226 2876 sedecim-eiii

122 2916 203 2955 mose.
221 2905 296 2955 [dem.
692 2922 751 2957 cum
764 2905 849 2955 aluo:
867 2920 933 2954 unus
951 2905 1046 2953 Petav.
1064 2904 1169 2953 teritur:
1183 2900 1225 2952 set

134 2982 185 3028 ,19
201 2980 326 3029 Heliconis
336 2980 422 3044 regno]
439 2980 478 3031 Ut
487 2980 603 3044 pronuba
617 2995 656 3030 so·
694 2982 788 3044 regitur
801 2980 907 3044 probum
923 2987 973 3030 est.
1001 2977 1081 3042 Apud
1094 2981 1226 3029 Maroneus

120 3069 190 3105 orus.
226 3056 444 3106 ornamentorum
468 3058 559 3107 talium
580 3071 654 3106 novae
696 3058 819 3108 AEne'idos
830 3056 958 3119 septimo:
974 3055 1109 3104 ‘Externi
1125 3055 1227 3105 veniunt

118 3129 209 3195 nuptae
221 3133 374 3181 collatorum
385 3133 483 3180 mentio
502 3133 528 3181 in
547 3131 656 3194 Epitha·
694 3135 796 3197 generi,
807 3133 850 3196 qui
862 3131 986 3195 sarrguine
997 3136 1117 3180 nostrum
1130 3132 1228 3181 Nomen

118 3207 201 3261 lamiis
212 3206 322 3254 Honorii
343 3211 370 3254 et
388 3206 508 3255 Palladii.
533 3207 657 3255 Heliconis
693 3210 720 3258 in
734 3216 804 3258 astra
815 3207 912 3268 ferant,
925 3220 1086 3272 quorumque
1099 3207 1134 3256 ab
1152 3207 1228 3270 stirpe

118 3296 230 3344 renum,
247 3282 355 3345 ipseque
370 3281 494 3341 Helicon,
508 3281 657 3330 immortali·
694 3292 804 3348 nepotes
817 3284 912 3333 Omnia
924 3283 971 3331 sub
984 3283 1107 3345 pedibus,
1124 3299 1180 3349 qua
1196 3281 1228 3334 sui

119 3364 204 3409 tatem
216 3358 420 3423 memoriamque
431 3371 571 3423 perennem
583 3354 657 3406 mets·
693 3361 1231 3428 utrumquerecurreusAspicitOoeanutr,

118 3435 426 3486 torumuenomt.1aem.
694 3441 815 3506 vertique
836 3441 943 3504 regique
963 3438 1111 3488 ridebunt!
1142 3439 1227 3502 Corin

154 3519 186 3563 20
200 3514 338 3578 Propriam]
349 3515 426 3564 Suam
439 3513 497 3563 sibi.
517 3513 657 3564 Horatius:
695 3531 759 3582 pus:
777 3519 785 3544 ‘
799 3515 924 3580 Augustis
936 3516 997 3564 solis
1013 3515 1063 3563 lsoc
1080 3516 1157 3565 cultu
1168 3529 1230 3565 com·

120 3588 322 3640 ‘Archilochum
334 3591 440 3655 proprio
451 3591 536 3640 rabies
546 3589 658 3639 armavit
695 3595 763 3658 petit
774 3593 823 3652 nti,
834 3592 887 3643 Sub
899 3606 1009 3657 qnorum
1020 3590 1135 3653 pedibus
1146 3593 1230 3652 regunt

122 3663 375 3726 iambo,'&c.1dem.
695 3669 791 3720 cruor!
824 3668 899 3717 idem
931 3665 1093 3715 Praefatione
1131 3666 1228 3729 operiat

134 3744 187 3790 :al
215 3739 344 3789 Dominam
367 3742 474 3805 Olympi]
498 3742 590 3804 Magni
608 3755 660 3790 ma·
696 3746 791 3794 ‘Deus
804 3743 890 3793 omnia
901 3756 982 3806 regna
993 3741 1046 3790 Sub
1061 3741 1178 3805 pedibus
1191 3740 1231 3790 tie·

122 3821 224 3868 trunam
241 3818 371 3867 tonantis:
389 3819 500 3868 iunonis
521 3817 660 3882 peculiaris
697 3821 738 3870 dit
757 3834 812 3869 esse
832 3817 902 3868 tois!
920 3817 1035 3867 ibidem:
1062 3820 1070 3846 ‘
1091 3818 1230 3882 Regnaque

123 3894 225 3946 titulus.
267 3894 405 3943 Dominam
434 3895 558 3958 peculiari
582 3893 660 3942 titulo
697 3889 745 3946 snb
764 3896 857 3945 vestris
875 3894 982 3942 venient
1001 3891 1146 3944 fortissima
1164 3897 1231 3959 plan·

124 3970 232 4022 Dianam
258 3971 346 4021 Graeci
367 3970 462 4020 diense
487 3971 607 4020 videntur
627 3984 660 4018 ex
699 3971 749 4024 tis!
778 3972 868 4035 Rapta
884 3970 1008 4032 Proserp·
1028 3967 1095 4017 libro
1116 3983 1149 4020 u.
1165 3968 1230 4020 ‘Sub

125 4045 266 4096 Pausania
276 4045 422 4096 Arcadicis.
440 4047 513 4094 idem.
699 4053 746 4097 tna
757 4045 883 4111 purpurei
893 4044 999 4093 venient
1011 4044 1123 4106 vestigia
1137 4042 1230 4109 regest.

136 4127 193 4175 23
211 4122 264 4170 Neo
276 4123 366 4183 spreuit
382 4123 478 4183 Regina
488 4120 579 4184 Deam]
595 4121 663 4171 Con·
699 4123 743 4173 nbi
754 4136 891 4187 perperam
899 4117 1134 4182 Barthiusfartigia
1146 4119 1230 4229 reponi

125 4198 414 4274 uinnlusiesseslleusr
425 4201 663 4270 Cauiopeannem·
696 4200 785 4265 jubet
801 4199 904 4251 iden
