2662 4696
343 373 345 377 »
406 344 446 392 tn
472 341 695 394 EUTROPIUM
720 347 793 395 ΗΒ.
815 346 857 395 ΙΙ.

594 662 687 728 XX.

305 919 363 992 IN
397 918 726 995 EUTROPIUM
760 920 868 996 ΠΒ.
900 920 956 996 11.

112 1165 289 1231 lMggdmii]
323 1166 461 1229 Phrygiam
493 1165 616 1215 videlieet
653 1166 719 1230 dius,
729 1166 910 1216 sulii-istium
929 1167 986 1217 ‘est
996 1166 1113 1232 quaedam
1122 1164 1186 1217 dere
1285 1170 1292 1179 “

79 1258 186 1294 emnem
207 1242 339 1292 feretum
361 1242 534 1304 depopulatus
558 1247 616 1290 erat
652 1245 781 1307 voluptas,
792 1244 921 1308 Expietnr
932 1245 1055 1306 iacrymis
1066 1244 1186 1309 erigitur·

79 1319 242 1381 Targibiins,
254 1317 293 1366 uti
304 1324 392 1366 noster
403 1318 528 1381 appellat,
540 1331 616 1380 quem
652 1321 804 1384 quedolor.'
1181 1343 1185 1353 ·

78 1396 253 1460 'liibigildum
267 1396 393 1445 Zosimus.
613 1421 617 1429 ·
685 1396 770 1458 ritant]
788 1397 848 1445 Eois
857 1395 974 1459 partibus
984 1395 1185 1445 macuismhtue

114 1471 225 1533 Cineres]
243 1470 378 1535 Reliquiae,
396 1471 466 1519 velut
483 1471 565 1520 omnis
576 1485 616 1520 es·
653 1477 807 1532 perpetuam
824 1469 952 1532 adsignat,
968 1477 998 1518 ut
1012 1471 1088 1519 tollat
1100 1469 1186 1519 saltim

81 1552 121 1595 set
134 1546 276 1595 combusta.
653 1545 876 1608 occidentalibus,
896 1545 922 1593 in
939 1545 1049 1608 gratiam
1064 1545 1187 1595 Stilicho·

116 1622 163 1669 Eoi
185 1621 277 1684 Regni]
296 1621 382 1671 Partis
401 1621 519 1685 Arcadii,
539 1637 616 1686 quam
652 1621 751 1669 uissui.
769 1620 857 1671 Burtt.

80 1711 131 1746 non
140 1696 222 1745 semel
231 1696 269 1744 sic
278 1696 395 1759 appellat
407 1703 434 1744 et
444 1696 515 1747 aiibi.
527 1698 616 1747 Barth.
686 1702 716 1745 11
734 1698 861 1746 Detersum
871 1698 988 1761 macutus]
1005 1697 1130 1748 infamiae.

112 1776 130 1820 2
150 1772 221 1820 Certe
241 1786 287 1819 non
312 1786 401 1832 augure
417 1771 493 1834 suisa]
529 1773 616 1821 Certa.
690 1773 771 1821 Veteri
788 1778 844 1836 post
865 1773 949 1823 obruta
975 1776 1053 1823 morio
1080 1772 1187 1837 Viscera]

80 1849 125 1897 Sic
139 1848 208 1910 apud
225 1847 336 1896 Statium
347 1849 419 1911 Syiv.
439 1849 505 1898 iibre
516 1864 543 1898 v.
556 1849 617 1899 Pie·
653 1849 759 1896 Mature
767 1848 972 1898 subveniendum
981 1852 1049 1900 maio
1057 1850 1187 1914 praeeipit,

81 1932 138 1975 tate
150 1924 294 1974 Abascanti
304 1924 351 1972 sub
362 1923 450 1986 finem,
465 1926 566 1974 ‘certae
574 1926 616 1989 jn·
653 1937 669 1971 a
681 1924 768 1972 morbo
781 1932 911 1987 serpente.
928 1925 1017 1975 Barth.

81 2008 141 2050 rant
153 2001 179 2048 in
193 2006 253 2049 vota
265 1998 394 2048 sororess’
411 2000 455 2049 ubi
472 2000 617 2063 parimodo
688 2003 718 2048 12
736 1999 844 2047 Paemius
854 1999 949 2062 nerbas]
966 2001 1094 2051 Medicas.
1111 2002 1187 2053 idest.
1242 2006 1246 2013 '

81 2083 225 2141 peceatus;
243 2083 272 2124 ut
289 2083 319 2124 et
334 2075 428 2124 eadem
444 2076 553 2138 Ecioga,
572 2076 617 2124 iiio
686 2075 825 2125 Admonens
844 2075 938 2138 iterius]
968 2076 1041 2126 Artes
1062 2076 1186 2139 Isingriu.

81 2152 336 2202 versaz‘111eetium
344 2159 424 2201 eertae
434 2151 547 2214 rupisset
554 2159 617 2199 tem·
655 2160 682 2200 et
694 2153 710 2202 J
714 2151 821 2200 nnianus
833 2166 891 2202 cum
902 2153 1038 2204 Pricaeano
1052 2171 1058 2203 z
1080 2155 1188 2204 rectius.

81 2227 237 2293 patavine!
269 2227 336 2275 Vide
349 2227 507 2277 Gronovium
519 2227 618 2276 Diatri·
654 2229 689 2277 D.
702 2228 787 2278 Heinn

81 2305 127 2354 bes
140 2319 162 2353 e.
172 2307 213 2352 47.
224 2309 253 2351 et
264 2317 324 2366 pag.
335 2307 393 2352 ms.
412 2304 449 2352 D.
461 2303 547 2354 Heius.
687 2309 718 2352 14
735 2303 833 2353 Levium
844 2303 926 2365 manu]
946 2304 1021 2353 Tacta
1030 2309 1150 2366 parcente,
1158 2311 1188 2354 ut

116 2380 189 2428 Certe
197 2393 242 2426 suu
251 2377 419 2442 uugwefntso]
430 2377 476 2427 Ait
484 2379 554 2426 enlm
563 2385 617 2426 tum
654 2379 894 2440 loquiturSesenas,
904 2393 961 2440 cap.
969 2383 993 2427 6.
1002 2380 1011 2406 ‘
1019 2379 1083 2426 Leni
1091 2378 1186 2443 manu,'

82 2455 187 2504 demum
205 2468 249 2502 eus
268 2452 416 2515 intelligere
432 2451 617 2501 certitudinem
655 2460 684 2500 ut
697 2450 865 2513 Augustinus.

81 2537 265 2590 monstrorum,
277 2543 335 2577 cum
346 2529 403 2593 Jum
415 2535 535 2576 eventum
547 2526 617 2576 vide·
688 2528 763 2577 Ferro
773 2531 889 2576 sumuntur
908 2533 932 2577 st
955 2528 1019 2592 igni]
1046 2528 1189 2581 ‘violenta

84 2617 138 2659 ant.
157 2609 249 2658 Burtis.
655 2603 723 2652 enim
740 2602 808 2651 maia
830 2603 944 2653 violenta
966 2605 1044 2654 etiam
1067 2613 1189 2670 quierunt

114 2690 130 2734 4
148 2684 276 2745 Praesngiu
286 2682 389 2744 discitis]
411 2683 528 2731 Euentus
548 2681 617 2730 enim
655 2682 785 2744 remediass
806 2689 836 2731 ut
856 2682 970 2746 loquitur
992 2683 1071 2733 Corn.
1088 2683 1188 2734 Celsus.

84 2762 203 2825 proditur
215 2774 318 2808 rerum:
336 2759 410 2823 quasi
421 2759 532 2820 diceret,
544 2758 617 2807 malis
655 2756 731 2806 Ovid.
747 2770 766 2807 ι.
787 2756 961 2819 Metamorph.
978 2755 1188 2806 ‘immedicabile

83 2836 265 2899 ingruentibus
278 2834 353 2882 initio
363 2848 420 2882 esse
430 2833 616 2895 obsistendum,
656 2833 746 2882 vulnus
761 2833 829 2881 Ense
842 2832 1010 2880 recidendum
1021 2838 1072 2895 est,
1084 2845 1117 2881 ne
1127 2847 1187 2896 pars

84 2911 144 2962 dum
158 2917 250 2960 tenues
260 2910 344 2958 adhuc
356 2916 426 2958 sunt.
448 2910 523 2958 Idem.
656 2909 759 2956 sincera
771 2905 904 2956 trahatur!
923 2908 1013 2956 Bartt.

114 2994 130 3036 t
149 2986 241 3036 Nuus'ta
254 2985 341 3032 Corum
360 2983 491 3048 Prusps'eit]
509 2985 617 3034 Cnnuiit
688 2986 718 3030 15
737 2983 776 3031 Ne
783 2981 960 3046 uuiutfrustru]
975 2983 1061 3032 Docet
1070 2997 1121 3031 non
1130 2997 1188 3034 esse

84 3060 179 3122 primus
190 3058 263 3109 Med.
273 3066 300 3108 et
312 3059 455 3108 Palatinus.
472 3059 530 3108 Vel.
543 3059 617 3109 Fiac-
655 3057 706 3105 levi
717 3071 794 3107 manu
806 3056 962 3119 tangendum
976 3057 1057 3118 uleus,
1067 3070 1099 3105 ue
1109 3056 1189 3108 duest

85 3149 139 3196 eus,
150 3134 196 3182 lib.
209 3147 251 3182 111.
276 3132 357 3196 ‘lpse
375 3133 443 3181 diem
459 3133 536 3196 longe
547 3135 617 3183 solis·
656 3147 733 3195 supra
744 3132 900 3193 cicatricem,
908 3139 936 3182 et
948 3147 996 3194 pus
1005 3132 1127 3199 virusque
1136 3146 1189 3183 ser-

86 3207 243 3272 quecubiiia
252 3206 351 3270 Typhis
369 3207 497 3269 Consulit,
509 3207 565 3271 ipse
577 3223 617 3257 ra·
656 3216 701 3257 vet
712 3208 738 3256 in
751 3208 868 3257 medullis
887 3209 949 3271 suis,
965 3224 1026 3258 mox
1037 3216 1190 3274 erupturum

87 3290 137 3332 tem
146 3289 225 3332 vento
234 3281 368 3345 stellisque
374 3281 522 3330 ministrat!
540 3280 618 3345 Apud
655 3285 681 3333 in
691 3285 832 3348 perniciem
843 3283 993 3336 laborantis.
1012 3286 1090 3336 coire
1101 3295 1189 3336 sutem

85 3358 225 3418 Lucanum,
243 3357 290 3405 lib.
302 3371 328 3405 v.
346 3357 384 3404 ‘si
395 3370 525 3405 murmura
545 3358 618 3420 ponti
656 3361 746 3410 vulnus
766 3361 862 3410 dicitur
883 3361 952 3425 quud
972 3362 1087 3410 extemis
1098 3376 1189 3425 supre-

84 3435 265 3485 Consuiimus.’
284 3435 320 3483 D.
332 3434 419 3482 fluns.
655 3439 757 3502 misqne
768 3437 846 3486 labris
858 3438 989 3502 juugitur,
1009 3437 1081 3487 intus
1099 3441 1189 3487 servet

115 3514 132 3559 6
144 3509 278 3572 Prospicit]
288 3509 357 3558 Ante
367 3524 443 3573 quam
451 3509 528 3573 adsit,
537 3510 617 3560 videt.
657 3511 829 3574 putredinem.
847 3512 921 3560 Idem.

119 3585 237 3648 tumne]
271 3584 418 3650 Antequam
440 3594 561 3650 erumpat
591 3586 618 3635 in
689 3589 728 3637 Ne
736 3588 927 3653 noceutfrsstra]
939 3586 1190 3637 Omninuadsentiur

85 3669 279 3725 tempestatem.
303 3662 392 3712 Burtt.
657 3665 696 3714 ct.
716 3665 826 3714 Burthio
844 3664 909 3713 coint
934 3664 1044 3727 legentis
1067 3665 1110 3713 vei
1132 3664 1189 3713 sine

116 3738 207 3786 idum
221 3736 311 3800 puppe]
329 3737 467 3787 Lieetuun
480 3743 535 3787 totu
546 3737 617 3789 navi·
656 3741 736 3793 librin.
770 3741 848 3790 ovid.
873 3740 1007 3791 ‘Vulnera
1026 3755 1077 3790 nun
1096 3740 1190 3804 agites,

85 3812 137 3876 gio.
157 3813 230 3860 Idem.
636 3832 639 3839 ·
656 3817 678 3864 si
690 3832 741 3880 qus
753 3816 827 3866 coire
837 3816 919 3867 veiis?
937 3817 1056 3881 Propett.
1074 3817 1190 3865 ‘Vulne-

116 3891 133 3936 8
152 3887 216 3943 Quid
234 3889 344 3950 lacryma
356 3888 443 3937 delicta
451 3888 543 3952 Durat]
560 3889 619 3952 Vei,
657 3906 735 3956 raqne
752 3893 786 3940 ad
798 3907 886 3942 sanum
907 3906 976 3941 nunu
995 3889 1082 3939 coiere
1102 3890 1190 3941 mea?

86 3962 148 4010 Cam
167 3963 278 4025 lacryma
299 3963 387 4011 delicta
409 3965 495 4022 inunt:
522 3966 619 4029 primus
657 3974 735 4031 atque
763 3968 800 4015 ita
828 3965 923 4015 medici
953 3969 1056 4014 veteres
1085 3968 1189 4029 passius.

85 4036 235 4087 Vaticanus.
252 4039 287 4087 D.
299 4039 382 4088 Heius.
604 4066 609 4075 .
657 4041 733 4095 Quod
745 4041 812 4090 idem
822 4041 1000 4104 irruptsrupro
1009 4045 1190 4104 mpturueun-

116 4111 241 4179 lucrm
256 4115 344 4163 delicta
360 4116 449 4180 temet]
476 4115 555 4181 Apud
566 4118 619 4167 ani·
657 4117 743 4168 tendit
764 4116 856 4180 reponi
885 4115 993 4178 debere,
1020 4130 1071 4165 non
1093 4116 1189 4167 accedo

85 4201 156 4243 mum
168 4188 271 4251 quidem
282 4190 395 4241 dolentis
413 4192 511 4256 levant,
521 4208 572 4244 nun
582 4201 620 4245 ts·
657 4195 712 4259 ejus
724 4192 869 4243 sententie.
888 4192 923 4241 D.
933 4191 1020 4243 Heius.

86 4274 254 4321 munaum
269 4264 356 4317 ustum
374 4266 522 4322 emendant.
556 4269 620 4322 Oui·
691 4272 723 4321 1⁶
738 4267 858 4321 muas
874 4267 957 4318 ism
978 4262 1084 4335 uptun]
1099 4267 1138 4319 Ut
1156 4280 1189 4316 ex
