2662 4696
109 298 195 364 1630
252 310 360 360 norm
386 310 585 359 vsnronuu
610 310 649 357 ru
675 311 732 358 or..
756 309 894 358 aarum
917 307 1070 357 xxxiii.

111 455 176 518 tingi
190 454 245 504 Ora
256 453 319 502 iicet
331 451 470 515 lucrymis!
487 452 576 501 Barth.
677 452 779 501 tuiectis
791 452 897 502 Pithoei.
913 450 1058 514 Arnobius,
1077 450 1144 502 libro
1161 452 1205 516 pri·

142 534 172 578 51
191 529 322 578 Admovere
333 528 425 589 manus]
442 528 638 590 Supplicantnm
678 543 729 588 mo,
741 528 774 576 de
786 529 842 576 Deo
855 545 861 576 :
879 528 957 590 ‘lpse
972 535 1015 576 est
1025 528 1095 576 enirn
1105 527 1162 576 sous
1174 543 1205 576 re·

109 620 164 653 mos
176 618 258 666 genua
271 605 430 665 contingere.
463 602 638 654 Primnum.
678 604 990 663 rum,satorsoeculorum
1007 603 1206 667 actemporum.'
1250 650 1253 659 ,

111 696 168 744 cap.
182 687 221 730 to.
231 681 298 744 qnod
308 681 395 729 multis
407 681 470 728 locis
480 681 639 743 Tiraquellus
678 680 760 729 Paulo
772 689 830 742 post
837 681 940 742 certique
951 681 1048 729 malim.
1063 681 1099 730 D.
1110 681 1194 730 Helas.

109 756 137 805 lu
159 756 334 806 Alexandrum
357 755 444 804 docet.
479 755 546 803 Vide
568 757 638 802 Suet.
710 761 741 804 60
761 757 849 816 Gigait
860 756 983 818 materies]
998 753 1062 813 ‘tan
1073 756 1205 820 illaquam

110 831 198 882 Tiber.
209 847 265 895 cap.
277 836 317 881 nt.
328 833 419 881 Claud.
430 835 470 880 44.
482 831 551 895 quod
563 846 638 895 quarn
678 831 1134 896 nunquamdeficientem‚aequaevam
1141 847 1206 881 mun·

112 910 146 958 sit
158 909 291 972 antiquum
303 924 335 957 ex
347 909 461 956 Homero
470 915 554 971 patet,
564 908 640 957 Iliad.
679 906 712 955 do
724 907 890 955 commentati
901 913 969 955 suut.
992 907 1084 955 Barth

113 999 134 1035 1.
145 989 201 1035 467.
211 985 287 1033 lliad.
297 998 334 1034 vr.
344 985 425 1046 princ.
442 985 518 1033 Ratio
526 984 642 1046 pulcher·
711 985 741 1029 61
761 981 988 1042 Certiecmhagilss
998 981 1057 1043 aa]
1083 982 1157 1030 Mille
1168 996 1206 1030 au·

111 1059 177 1109 rima
187 1066 228 1108 est
238 1059 307 1122 apud
319 1057 455 1121 Isidorum,
467 1058 510 1108 lib.
521 1071 560 1107 xi.
572 1059 640 1122 quod
679 1069 724 1105 nos
736 1055 828 1106 definit
839 1056 962 1105 Claudius
978 1062 1070 1105 noster
1086 1056 1131 1106 lib.
1142 1071 1172 1105 ιι.
1183 1058 1206 1106 in

111 1137 163 1185 ‘ad
185 1150 269 1199 genua
298 1133 425 1198 prostrati
452 1134 640 1197 lachrymantes
680 1131 928 1195 Ruhnum‚secntus
943 1133 1093 1196 Virgilium.
1125 1134 1207 1183 Araha-

110 1218 213 1261 uterum
231 1216 375 1259 maternum
396 1210 481 1259 animo
502 1216 625 1274 reputent
632 1232 640 1273 ;
677 1222 721 1270 ges
730 1214 790 1258 sunt
802 1209 839 1258 illi
849 1209 934 1258 abitus
944 1209 1095 1273 reditusque
1107 1210 1133 1271 ip
1144 1210 1207 1258 idem

111 1302 170 1336 nam
182 1288 208 1335 in
219 1287 320 1337 homine
327 1284 463 1336 formando
474 1300 557 1349 genua
568 1287 641 1350 genis
659 1282 666 1289 '
680 1285 824 1336 venientes.
841 1287 918 1334 Idem.

112 1363 229 1413 herent!
712 1364 744 1410 62
761 1359 855 1409 Asiam·
866 1364 990 1408 mutantur
1008 1359 1033 1407 ia
1048 1359 1130 1422 crtus]
1147 1360 1207 1410 Hac

146 1440 252 1496 warum
272 1437 314 1487 suh
330 1437 387 1498 jure
407 1443 516 1488 teneatur
544 1436 643 1501 Omnia]
680 1450 742 1485 vera
763 1436 853 1496 lectio,
871 1452 948 1500 qnam
970 1436 1062 1498 primae
1085 1436 1208 1486 editiones

111 1516 175 1579 lpse
186 1515 265 1564 etiam
275 1515 390 1579 Jupiter.
406 1514 497 1562 Barth.
681 1517 824 1575 agnoscunt
843 1519 871 1562 et
882 1511 1002 1561 meliores
1015 1510 1118 1574 scripti.
1141 1512 1208 1561 Male

145 1595 176 1640 52
198 1591 309 1638 Fatorum
328 1588 414 1652 pollice
434 1585 533 1648 ducum]
562 1588 645 1637 Fctcli
681 1603 714 1637 ex
723 1603 768 1637 sno
779 1588 846 1637 libro
858 1587 992 1637 Cluverius
1002 1587 1132 1637 mittuntur
1141 1588 1167 1636 s'a
1175 1603 1208 1636 or·

113 1666 222 1730 Gyrsld.
234 1671 263 1714 et
274 1679 333 1713 mox
348 1678 395 1728 pro
413 1665 493 1726 pensis
503 1664 600 1715 Moret.
616 1671 645 1714 et
680 1670 727 1715 tas.
751 1664 937 1729 Μετεμψύχοσυ
954 1666 1156 1730 Pythagoricum
1175 1679 1209 1714 re

113 1742 210 1807 primns
221 1741 314 1788 Petav.
326 1754 385 1788 cnm
403 1753 454 1788 nno
469 1738 628 1800 Vaticsusc's
635 1756 645 1799 ,-
681 1743 778 1806 spexit,
789 1743 900 1792 Statium
912 1758 984 1792 sumn
994 1743 1081 1793 denuo
1090 1742 1210 1805 imitatus,

112 1825 144 1869 ut
155 1818 224 1882 apud
235 1818 310 1880 Virg.
327 1818 359 1866 de
372 1817 477 1866 Parcis:
494 1818 584 1866 ‘Talia
596 1834 643 1868 see-
682 1818 726 1882 qni
737 1818 816 1868 Theb.
835 1833 884 1868 vn.
900 1817 1040 1882 ‘pigetque
1050 1818 1101 1866 Tot
1112 1825 1210 1866 mutare

114 1896 155 1944 cla
175 1895 229 1944 suis
251 1893 374 1943 dixerunt
392 1892 490 1942 currite
512 1891 591 1943 fusis?
609 1894 644 1944 D.
681 1895 788 1956 animas,
810 1902 851 1945 tot
873 1897 982 1945 reddere
1004 1910 1117 1959 corpora
1136 1895 1209 1946 vita!

114 1971 201 2021 Heius
682 1971 841 2035 Pythagoras
853 1973 909 2036 ipsc
921 1971 989 2035 apud
1011 1971 1147 2034 Ovidium,
1157 1973 1210 2021 Mc·

119 2080 123 2086 .
146 2051 177 2097 63
196 2045 316 2108 Ferrctis]
333 2044 376 2094 Ob
385 2045 567 2095 necessitatem
577 2043 644 2095 fato·
682 2053 743 2097 tam.
755 2061 802 2098 xv.
820 2049 934 2098 ‘Omnia
942 2054 1087 2109 mutantur,
1104 2048 1212 2097 nihiliu-

108 2138 179 2176 sum.
212 2122 313 2172 Aurata
324 2130 409 2172 autem
420 2136 500 2185 pensa
512 2120 589 2191 rebus
602 2123 644 2170 la·
682 2123 760 2172 terit?
791 2123 891 2173 Animae
912 2129 941 2173 et
960 2128 1029 2172 ortuo
1044 2125 1123 2174 Maro
1136 2125 1211 2173 etiam

113 2199 228 2251 tioribus.
245 2199 335 2248 Barth.
682 2199 817 2262 conjunxit
826 2198 949 2248 AEneidos
960 2205 1071 2263 quartu:
1089 2200 1097 2226 ‘
1108 2201 1144 2250 Et
1155 2215 1211 2250 cum

147 2282 178 2327 66
196 2276 292 2338 Noctis]
307 2273 644 2336 Terebrarum,noctis,1n·
681 2272 777 2335 frigida
792 2288 860 2322 mors
876 2275 961 2323 anima
978 2274 1114 2324 seduxerit
1125 2274 1211 2326 artus!

113 2351 234 2402 ferorum.
266 2351 399 2414 Virgilius,
413 2342 459 2398 lib.
470 2362 498 2398 x.
515 2349 559 2398 ‘iu
571 2356 645 2398 aeter·
682 2351 747 2398 Mox
767 2350 879 2399 ibidem:
895 2351 979 2402 ‘Qum
1000 2352 1144 2401 luctantem
1165 2351 1213 2401 ani·

112 2443 174 2479 nam
185 2429 341 2478 clauduntur
350 2427 444 2476 lumina
454 2424 574 2475 noctem!
682 2439 750 2474 mam
761 2440 892 2491 nexosque
913 2428 1056 2476 resolveret
1072 2427 1164 2478 artus.’
1180 2427 1212 2478 D.

149 2508 234 2556 Noctis
243 2505 345 2566 arbiter]
360 2505 451 2554 Pluto.
469 2503 558 2552 Barth.
682 2501 768 2552 Heius.

147 2584 178 2630 67
197 2581 282 2630 Finem
299 2579 389 2627 cunctis
404 2584 428 2626 et
443 2579 533 2627 semina
541 2577 645 2640 prebes]
715 2583 746 2626 68
764 2579 848 2641 Pucic]
866 2578 987 2628 Amorem
999 2586 1076 2629 vocat
1093 2593 1132 2629 iv.
1149 2581 1212 2629 Cou-

115 2658 156 2706 Ex
174 2655 293 2705 doctrina
309 2653 440 2702 veterrimi
457 2652 524 2701 illins
543 2653 646 2716 Musaei,
683 2654 730 2702 sul.
740 2655 838 2703 Honor.
855 2656 915 2706 Quo
926 2655 1045 2719 amplexa
1056 2669 1084 2703 se
1097 2669 1144 2717 per
1157 2670 1212 2703 snas

115 2732 160 2796 qui
178 2732 297 2794 princeps
317 2730 395 2778 scivit
414 2729 446 2777 ab
458 2729 548 2778 eodem
560 2730 646 2778 omnia
682 2735 771 2792 partes
784 2730 897 2778 universi
916 2730 989 2779 istius
1008 2735 1103 2779 catena
1115 2745 1213 2780 conser-

115 2806 255 2872 proficisci,
266 2814 294 2857 et
312 2806 338 2855 in
358 2805 426 2855 idem
446 2805 531 2854 omnia
544 2805 644 2855 resolvi.
683 2810 727 2853 vat
739 2811 854 2853 tenorem
867 2820 948 2856 suum.
964 2806 1054 2855 Barth.

115 2883 190 2933 Idem.
714 2884 745 2928 64
764 2881 880 2943 Nooitque
907 2881 979 2943 colus]
1016 2885 1106 2933 Nostro
1128 2885 1213 2934 dicere

148 2964 180 3008 58
198 2957 360 3020 Nascends'pue
377 2955 449 3020 alces]
465 2956 533 3004 Vide
550 2957 645 3005 Lucre·
683 2955 747 3016 vult,
759 2956 829 3018 quod
848 2957 983 3020 eleganter
1003 2959 1213 3024 subintelligitur.

116 3036 190 3096 tinm,
202 3035 246 3084 lib.
263 3049 282 3084 ι.
302 3040 330 3081 et
342 3047 386 3081 nr.
404 3031 539 3081 Aristotel.
558 3031 601 3081 lib.
613 3032 645 3080 de
681 3030 756 3080 Idem.

117 3108 441 3159 Ortuetlnteritu.1dem.
715 3110 746 3154 65
765 3106 839 3155 Ciuili
858 3114 964 3157 conuerte
985 3109 1054 3173 tohu]
1083 3112 1145 3162 Hoc
1168 3119 1215 3175 est,

149 3188 181 3232 69
199 3184 247 3238 Qut
257 3183 332 3231 ollem
343 3183 473 3243 lethumque
485 3182 560 3245 regie]
579 3181 646 3231 Seria
682 3187 761 3229 muta.
795 3182 842 3230 Vir
862 3185 987 3233 maximus
1000 3186 1026 3234 in
1044 3201 1091 3234 ora
1105 3188 1166 3237 libri
1177 3190 1215 3238 sui

116 3257 213 3322 primus
232 3258 323 3306 Petav.
343 3257 484 3318 eleganter.
511 3257 590 3304 statii
609 3256 646 3304 sui
682 3257 798 3312 conuelle3
814 3271 958 3320 perperam.
976 3260 1060 3322 Epist.
1072 3262 1105 3310 ad
1122 3263 1215 3327 Olybr.

116 3327 215 3389 illalib.
235 3345 299 3380 vni.
319 3331 442 3394 respexit,
460 3332 546 3379 ‘Fata
557 3339 647 3380 serunt
682 3331 828 3381 ‘canescet
852 3333 953 3383 Geticis
970 3336 1062 3386 Meroe
1090 3353 1215 3389 conversa

116 3410 227 3472 animas,
246 3416 274 3459 et
294 3407 385 3457 eodem
397 3408 490 3471 pollice
501 3407 623 3456 damnant
633 3408 647 3457 :’
683 3407 781 3469 pruinis
791 3409 805 3457 :’
822 3409 866 3457 ubi
875 3409 971 3459 frustra
982 3408 1074 3474 legunt
1085 3429 1216 3478 consperso.

117 3493 146 3537 ct
156 3501 216 3536 mox
235 3486 288 3545 illa,
306 3485 349 3534 ubi
368 3482 539 3547 Amphiaraus
557 3484 589 3531 ad
600 3483 648 3533 Di·
683 3483 710 3532 Si
720 3483 781 3547 quid
790 3485 950 3549 mutandum,
961 3488 1090 3551 committe,
1102 3504 1161 3538 cnm
1173 3489 1216 3539 tri·

116 3559 428 3612 tem2⁴ocnnctisfinitor
437 3560 545 3608 maxime
555 3575 649 3624 rerum,
684 3560 731 3609 bus
752 3561 881 3610 Mediceis
904 3569 932 3611 ct
953 3563 1042 3613 codice
1060 3567 1217 3628 Bartholini‚

120 3635 155 3686 At
166 3637 425 3700 mihi‚quiquondam
436 3650 526 3685 carrsas
537 3636 648 3684 elemen-
685 3635 820 3698 corrigam.
864 3638 928 3686 Mox
947 3653 994 3701 pro
1015 3641 1113 3689 incestis
1130 3643 1215 3691 Vatic.

116 3720 196 3778 taque
204 3729 303 3775 noram,
316 3716 349 3763 Et
358 3714 445 3764 sator!
469 3713 649 3776 lanusaSep-
685 3711 781 3776 Isiugr.
799 3719 827 3761 et
847 3722 958 3777 quatuor
975 3715 1019 3764 alii
1037 3716 1148 3766 illicitae:
1166 3732 1216 3768 uon

118 3790 191 3840 timio
214 3790 281 3853 apud
303 3790 483 3839 Terentianum
507 3789 540 3838 de
559 3789 649 3838 metris
686 3803 788 3852 sequor.
805 3789 839 3838 D.
851 3789 937 3839 Heius.

119 3868 209 3916 ‘catus
218 3881 302 3915 rerum
310 3865 396 3915 sator?
413 3868 420 3892 ⁴
432 3866 569 3915 Hominum
579 3871 650 3914 sator
720 3865 847 3927 donante]
864 3866 896 3913 ld
907 3872 954 3928 est,
966 3867 1071 3918 Everte.

118 3952 197 4006 atque
217 3942 336 3991 deornm'
357 3941 463 4004 Jupiter
479 3941 600 4003 Virgilio,
623 3946 650 3988 et
717 3947 750 3990 66
766 3943 877 4005 lacescis]
924 3944 1046 4007 Impuria,
1074 3944 1216 3994 sceleratis.

119 4018 224 4066 ‘divum
242 4017 321 4065 sator'
334 4018 429 4077 Statio,
441 4023 469 4064 et
484 4016 549 4065 ‘aevi
563 4014 646 4063 sator'
685 4019 775 4068 Barth.

118 4091 181 4142 silio
192 4092 293 4140 Italico.
325 4093 387 4140 ‘Sol
402 4093 466 4142 lucis
483 4091 565 4141 sator’
579 4089 648 4140 Rufo
718 4100 748 4143 67
767 4096 842 4144 Posce
868 4095 964 4158 docem]
1003 4094 1111 4144 Atracis
1139 4093 1214 4144 animi

118 4165 246 4228 Aviceuo,
261 4167 346 4218 ‘aries
358 4169 444 4219 ovium
461 4166 543 4219 sator’
562 4167 589 4217 in
599 4168 650 4219 Ca·
686 4185 824 4237 personam
834 4172 913 4223 habet
929 4173 1019 4238 Pluto,
1036 4172 1082 4238 qui
1094 4171 1163 4224 helio
1173 4184 1215 4239 po·
