2662 4696
258 319 308 369 nn
332 319 461 370 nuncu
485 321 731 373 snosnnrrun
757 326 829 376 nin.
854 326 880 377 r.
1033 306 1120 380 1641

95 460 187 511 monis
195 461 280 525 'l'rojse
293 463 411 526 Neptuni
423 463 548 514 fabricata
588 480 643 514 rmn
655 467 681 515 in
692 466 776 516 AEtne.
794 470 827 518 D.
840 469 925 519 Helm.

95 528 114 587 ι)
132 544 160 586 et
178 545 292 586 nostrum
312 539 380 588 infre
398 542 415 588 l.
427 555 457 590 tr.
476 544 550 591 ‘Cur
619 547 667 593 240
685 545 769 607 Notis]
794 544 946 608 Ingentibus
964 546 1063 598 follium
1076 547 1121 600 fla-

95 614 176 665 enirn
187 615 305 664 menibus
317 614 444 666 fabricatu
456 619 549 682 Cyclo·
587 619 666 679 tibus,
678 634 741 683 quos
754 622 833 683 possis
845 622 907 685 ipsis
919 624 995 672 Notis
1006 625 1121 690 sequipe-

95 690 127 741 Ιιι
147 705 193 740 nos
215 692 277 751 tela,
296 693 397 755 peterl’
430 695 549 745 Quietuor
587 710 652 746 mre.
672 696 762 746 Bortl.

95 767 248 828 tsormata:
272 777 302 818 nt
324 784 362 819 vr.
381 771 456 820 Cous.
476 772 547 821 Hori.
605 771 704 834 Notis]
728 772 844 821 Iudiciis.
863 781 890 822 ut
902 775 1009 826 Celsus:
1031 778 1122 828 salutis

103 854 177 893 terra
188 847 293 894 metello
307 846 454 895 Nascentes
470 847 548 896 int‘or·
585 852 614 896 et
626 847 708 896 morbi
720 855 799 897 notae.
819 850 912 899 Closer.

94 921 181 985 quos?
198 922 548 982 Virgilius‚AEu.v111.‘His
617 924 726 989 Astu]
751 925 868 975 Flamina
889 934 1032 977 ventorum.
1060 928 1122 978 sst-

94 1004 178 1047 nstum
186 999 368 1061 manibusjam
381 1008 456 1064 parte
467 1002 549 1063 polite
585 1017 644 1060 mos,
664 1016 711 1064 pro
729 1003 813 1051 ventis
833 1003 900 1066 cepi,
919 1003 1033 1052 ubertim
1048 1011 1122 1054 uols-

94 1086 121 1121 sn
133 1080 189 1120 crat
200 1072 217 1122 :'
234 1088 304 1132 mox,
323 1074 479 1136 ‘lugentem
497 1076 548 1140 cly-
585 1084 640 1126 tum
651 1079 743 1128 doctis.

99 1145 242 1196 informant
252 1149 268 1195 ι’
284 1157 311 1197 et
330 1150 399 1212 apud
418 1152 545 1201 Statium:
618 1154 739 1217 Μαίης]
757 1154 793 1205 At
811 1156 880 1205 hund
903 1155 982 1205 dubio
1003 1169 1064 1204 vere
1081 1163 1122 1207 est

94 1222 125 1271 lis
136 1236 169 1271 en
188 1221 348 1273 conformato
367 1227 472 1275 caminis
489 1226 548 1276 Effi·
584 1231 663 1279 lectio
675 1232 787 1296 flumine,
805 1246 863 1296 que.
881 1231 1019 1296 liquefacti
1034 1233 1061 1282 vi
1072 1231 1121 1285 fol·

100 1298 143 1349 ,de
153 1313 204 1360 quo
215 1298 295 1347 verbo
307 1301 383 1362 plura
394 1303 412 1351 1.
423 1315 466 1352 111.
486 1301 548 1351 Par·
584 1305 645 1353 lium
669 1307 854 1369 inspiratorum
873 1308 972 1358 metelli
989 1308 1121 1372 ingentem

101 1374 208 1423 codices
214 1374 328 1433 fmtdotc.
347 1377 384 1426 D.
397 1378 489 1429 Heius.
584 1383 687 1445 copiam
699 1384 807 1435 indicat.
823 1384 911 1434 Banu.

94 1450 129 1513 rt]
147 1451 444 1514 Horrenqpermruent.
457 1457 547 1506 Barth.
617 1462 666 1507 242
682 1459 756 1508 Atrio
773 1462 843 1509 uestit
861 1460 929 1522 elur]
956 1461 999 1510 Sic
1022 1461 1122 1513 Mureti

108 1526 200 1579 Sudore
212 1528 357 1592 Pyram]
375 1531 474 1580 Famuii
485 1534 547 1582 Vul-
583 1534 678 1596 codex,
694 1549 746 1584 non
765 1536 852 1598 elegit.
887 1537 985 1585 Lucem
1006 1534 1124 1589 hemisti-

94 1602 199 1655 Bmtes
208 1620 224 1652 a
234 1605 345 1655 tonitru:
357 1605 547 1670 Steropessfnl·
584 1611 668 1659 chium
678 1618 721 1660 est
732 1612 750 1661 l.
763 1624 790 1661 x.
806 1612 889 1660 ‘ebur
904 1612 972 1660 stria
984 1612 1072 1675 vestit,
1082 1614 1120 1664 Et

94 1694 98 1729 :
116 1679 252 1742 Pymcrnos
270 1681 303 1729 sb
320 1682 456 1734 incendio:
473 1686 545 1737 Serv.
582 1685 694 1736 suffecto
702 1703 778 1736 msnu
790 1686 890 1736 foribus
898 1687 1035 1737 testudinis
1045 1687 1121 1738 ludo

93 1757 319 1808 smv111.AEneid.
336 1759 447 1823 Dempst.
582 1762 667 1824 Terga
677 1761 795 1811 sedent:'
813 1763 850 1812 ita
871 1778 918 1827 pro
935 1764 1020 1828 ΝΜ
1032 1764 1122 1826 legen·

116 1831 170 1880 Nec
191 1832 303 1896 Steropes
322 1839 456 1886 amonuit
476 1839 544 1902 opus]
582 1837 643 1887 dum
651 1854 685 1888 ex
695 1839 808 1903 antiquis
816 1838 969 1898 codicibus:
988 1838 1120 1903 quomodo

93 1924 152 1958 :sus
182 1913 310 1962 eommdtit
337 1928 385 1977 pro
411 1918 544 1976 comatum
582 1921 610 1963 et
627 1915 727 1965 Statius
743 1916 818 1980 Equo
839 1915 984 1966 Domitiani
1004 1917 1038 1966 de
1054 1931 1122 1966 mer·

100 1987 207 2050 elegeos
229 1990 345 2040 rerbnm.
384 1991 544 2043 Prudentius
581 2003 653 2039 more
672 1991 797 2052 Lunensi,
815 1991 961 2055 ‘Lunaque
981 1992 1119 2055 portendis

93 2076 149 2113 nm.
168 2060 315 2113 ‘indueret
334 2066 440 2116 thorace
458 2069 544 2119 hume·
580 2056 682 2117 tentum
694 2064 963 2118 suffectscolurnuis!
984 2070 1018 2118 D.
1031 2068 1120 2119 Heiss.

94 2152 251 2203 rismosaqne
269 2138 332 2188 ferri
347 2142 433 2190 Texta
449 2146 544 2206 perin-
613 2144 663 2190 244
680 2142 789 2193 nunno
805 2142 888 2205 contu]
915 2143 1120 2207 loteropus,nt

112 2214 278 2265 commiserat
301 2217 414 2281 undique
436 2222 544 2271 uersos!
579 2215 627 2265 fiet
648 2215 762 2278 fecilior,
781 2217 915 2266 hilaritate
935 2217 1014 2266 enimi
1040 2223 1120 2267 csutn

93 2291 194 2355 flumine
211 2297 279 2340 tusto
301 2308 349 2356 pro
363 2296 465 2359 flumine
485 2313 543 2347 curn
579 2291 798 2354 excilalttlflbor·
817 2293 905 2341 flant.

93 2366 286 2429 integendum3
306 2370 427 2434 quicquid
445 2372 543 2422 altior).
612 2365 874 2428 2451rsitotexedot]
900 2366 1051 2417 Puellarum
1061 2381 1117 2416 ms·

108 2442 232 2503 virgilius
242 2445 300 2495 AEn.
312 2459 374 2494 v111.
386 2447 431 2494 ubi
442 2455 544 2499 antrum
579 2449 765 2507 tronarnmque
778 2444 834 2490 isus
846 2443 872 2490 in
885 2444 1001 2492 textrino
1009 2450 1037 2493 et
1054 2444 1120 2493 loni·

93 2532 154 2581 pum
163 2518 336 2571 describitur:
353 2523 360 2549 ‘
372 2521 472 2572 fluitaes
483 2525 544 2574 rivis
582 2518 663 2568 ficiis:
681 2520 768 2581 'liraq-
777 2520 803 2567 in
813 2531 852 2569 1¹·
863 2518 975 2570 conuub·
986 2519 1121 2569 abundan-

92 2610 116 2646 re
124 2597 269 2658 metellum,
280 2598 478 2662 vulnificusque
487 2602 545 2651 chr.
581 2595 688 2646 tissime.
719 2595 796 2645 Adde
815 2596 894 2646 ovid.
906 2599 923 2646 Ι.
933 2609 953 2648 1.
970 2594 1062 2646 Amor.
1074 2598 1116 2648 ΕΙ.

92 2671 415 2738 estaforuaceliquescit!
432 2677 543 2726 Libani.
581 2677 621 2722 13.
639 2673 718 2722 lxii.
736 2674 844 2723 Metam.
871 2673 935 2723 Feb.
960 2679 984 2723 t.
1017 2673 1118 2726 Auson.

92 2747 148 2797 lcii.
165 2749 173 2776 ‘
187 2749 300 2812 Argenti
313 2758 422 2814 potuere
434 2754 505 2802 iscus
516 2764 545 2803 et
581 2755 683 2811 petent.
693 2754 718 2797 5.
733 2756 760 2797 et
774 2753 813 2798 13.
824 2755 939 2798 nostrum
956 2750 989 2798 de
1005 2751 1119 2814 pheleris

92 2823 207 2874 remitti!
229 2827 317 2886 Silius,
328 2828 346 2876 Ι.
358 2840 410 2876 111.
426 2829 545 2878 ‘summa
580 2825 642 2888 equi
658 2825 733 2886 regii.
757 2824 829 2874 Tull.
842 2838 881 2874 vi.
893 2825 972 2874 Verr.
992 2826 1073 2875 variis
1091 2826 1119 2874 in

92 2900 153 2949 'scta
175 2907 215 2949 est
238 2903 323 2965 erupis
350 2903 376 2964 iq
404 2905 488 2964 hasta,
511 2907 545 2953 Et
581 2901 656 2949 locis.
674 2900 785 2963 Dempst.

93 2990 145 3026 ceu
156 2986 293 3040 correptus
303 2978 450 3029 fornacibus
458 2980 544 3030 ensis!
607 2979 660 3025 247
689 2975 840 3038 Tumultsm]
868 2975 1011 3026 Confnrum
1033 2977 1119 3028 cusos

94 3067 126 3102 us
149 3053 305 3103 Itinerorio:
333 3056 413 3104 ‘Nou
439 3056 544 3105 Biturix
581 3050 655 3101 iilud.
672 3051 762 3100 Bortlt.

100 3128 188 3193 potior
210 3131 334 3179 strictura
355 3132 464 3196 camino,
486 3133 544 3182 Nec
613 3132 663 3177 248
679 3127 787 3190 Semina]
803 3129 942 3179 Elementa
953 3129 1029 3180 dicit.
1041 3131 1118 3180 idest.

92 3205 174 3254 ordeo
184 3207 282 3268 cespite
292 3222 375 3256 masse
385 3206 459 3258 fluit!
474 3208 543 3258 Vide
613 3204 803 3268 Seminajustis]
819 3205 899 3255 Jussis
907 3208 982 3269 prim.
994 3207 1118 3260 Vaticau.

93 3281 111 3331 l.
121 3281 187 3331 min
198 3282 364 3333 scincum.
381 3285 542 3334 lassoetiam
581 3287 720 3346 utrumqne
733 3282 809 3332 bene.
829 3286 893 3333 Mox
905 3299 952 3347 pro
968 3287 1018 3347 egit
1028 3286 1119 3334 Cisse-

92 3373 111 3422 ε,
129 3373 181 3409 non
203 3361 302 3423 cerem,
325 3378 383 3411 curn
404 3364 497 3426 lsingr,
516 3372 543 3414 et
582 3359 634 3406 rius
645 3359 722 3420 legit,-
738 3359 866 3431 qnomodo
881 3365 909 3408 et
926 3361 1034 3423 quintus
1045 3360 1121 3410 Veti-

91 3432 123 3483 ru
134 3434 208 3484 libris
220 3438 367 3499 legendum.
383 3439 475 3502 Virgil.
486 3440 543 3489 AEn.
581 3451 674 3485 conns:
692 3437 825 3500 vulgatum
835 3436 868 3485 de
878 3438 1005 3500 vertigine
1018 3438 1071 3500 poli
1079 3454 1118 3487 ss·

92 3514 542 3579 ¹striduntquecavemisStricturae
580 3512 874 3576 sidualnlelligendssffl·
892 3512 994 3562 Deinde
1005 3526 1119 3577 Plom-

91 3589 160 3652 bnm,
176 3596 205 3638 et
221 3590 370 3641 fornscibus
388 3593 454 3656 ignis
467 3594 544 3643 anhe-
581 3591 649 3639 mors
665 3591 763 3650 edunt,
779 3589 863 3637 Delrii
880 3590 963 3638 codex
975 3595 1003 3638 et
1020 3589 1073 3641 dno
1084 3604 1119 3639 ex

98 3658 230 3717 Ceterum
240 3669 310 3732 qnod
323 3671 457 3732 praecessit
467 3673 544 3734 paulo
582 3665 678 3715 nostris
694 3669 784 3713 rssst:
800 3672 830 3714 nt
842 3665 859 3715 l.
870 3679 890 3715 ι.
907 3666 933 3715 in
946 3665 1032 3716 Rufin.
1048 3669 1120 3717 ‘toi

95 3743 252 3806 ‘spiravere
275 3746 343 3793 notis
365 3745 476 3807 animaeg
498 3761 545 3810 pro
583 3741 671 3789 luntur
687 3741 713 3790 iu
733 3743 825 3803 situm,
845 3741 883 3791 Ut
902 3744 979 3807 lspsu
999 3744 1119 3806 graviore

112 3819 277 3883 capiendum.
311 3821 355 3870 lta
374 3829 402 3870 et
412 3824 545 3872 Vulcanus
583 3817 680 3866 ruant!
695 3818 733 3867 D·
746 3817 834 3867 Heiut-

91 3897 167 3946 ilibus
187 3897 255 3960 apud
274 3899 427 3947 Maronem:
445 3900 544 3952 ‘Quic-
613 3897 664 3942 25⁰
680 3892 808 3942 Meduli
819 3894 905 3956 ester]
926 3894 1057 3943 AEtterern
1069 3908 1119 3958 pro
1205 3915 1208 3921 ·

91 3975 114 4022 in
132 3981 189 4023 arte
205 3989 262 4022 mea
275 3989 377 4037 possum
389 3976 544 4039 promittere
582 3968 644 4019 edre
661 3969 756 4019 dixisse
778 3971 916 4035 purissimo
936 3971 1050 4022 ridetur.
1084 3975 1119 4024 Et

99 4050 232 4102 Quantum
254 4050 326 4113 ignes
345 4051 489 4115 animusque
502 4065 545 4099 rs·
582 4061 642 4096 sane
663 4045 730 4096 seris
752 4047 871 4110 regiones
896 4048 974 4113 longe
1001 4049 1121 4112 altiores,

93 4124 161 4174 -itinc
179 4127 317 4177 excussere
330 4125 412 4191 folles,
422 4142 471 4191 pro
482 4141 544 4176 ven·
581 4139 659 4189 qnam
673 4123 767 4189 quibos
785 4123 870 4173 svium
888 4122 1117 4178 volatussstocm

91 4199 223 4252 :follibus
231 4203 454 4269 exprimerespnd
462 4204 544 4255 Sere·
580 4201 664 4252 lorum
675 4199 747 4252 risus
757 4199 823 4252 loeis
830 4196 962 4254 censetur.
978 4202 1070 4256 Both.
