2662 4696
111 296 198 364 msa
251 311 359 362 norm
382 308 584 359 vsnronasr
608 305 649 357 tn
673 307 731 358 cr..
753 306 893 357 canan.
917 305 1082 359 xxxvii.

112 472 157 521 que
167 457 241 506 acati
251 456 377 504 meliores.
394 455 428 504 D.
442 453 528 502 Heins.
677 456 772 516 pectore
780 452 866 514 poscit,
881 463 939 515 qna
957 450 1115 514 conjectura
1125 456 1209 501 monn·-

145 532 370 594 SGeminolnpso]
407 532 505 593 Singuli
517 530 587 578 enim
600 542 643 577 tn-
680 544 731 594 qne
744 530 857 578 arridet:
875 527 1210 592 utrccielioormpectrudlcst

113 621 176 670 gnos
206 623 252 671 pro
286 608 393 671 singulis
422 605 532 670 pedibus
559 611 642 653 erant.
681 606 849 670 proeoqnod
867 605 968 655 assidue
979 606 1135 668 repullulat.
1165 604 1212 653 An·

113 683 201 732 Basilo.
680 692 775 731 santur
794 698 850 746 qaae
869 689 989 730 notamus
1002 681 1036 730 ad
1048 681 1173 745 Idyilinm
1183 679 1211 729 tis

145 763 162 807 s
179 760 312 808 Pallescunt
322 759 399 807 subito
408 760 494 822 stelle]
512 758 548 807 Ut
559 757 643 806 solent
682 759 817 817 Phoenice,
829 774 868 807 vs.
879 763 918 808 66.
930 757 1060 808 Putabam
1072 757 1213 822 aliqnando,

112 837 230 901 contuipr
242 836 382 885 inferarum
393 850 487 883 rerum.
504 836 577 883 lolem.
686 835 807 883 Volucrem
810 835 900 900 fliroso
919 839 1012 898 pectore
1022 833 1119 896 pascit:
1136 842 1164 882 nt
1173 833 1212 881 ills

147 917 177 962 to
193 914 325 976 Docuitqne
333 912 415 973 tinae]
427 912 574 974 Numquam
581 909 643 958 alias
681 911 824 971 Virgilianos
835 910 982 973 respexerit
999 909 1034 958 de
1045 910 1134 974 Tityo,
1151 910 1211 956 ‘nea

113 991 221 1041 docilem
233 1000 278 1039 ant
290 992 428 1039 volentem.
448 991 522 1037 Idem.
681 984 754 1034 fibris
783 987 885 1050 requies
911 986 988 1034 datur
1015 986 1071 1033 ulla
1099 983 1212 1034 renatis?

156 1067 290 1129 Docnitqae
311 1067 382 1113 timor
411 1077 518 1112 recocnre
543 1060 644 1124 meotes]
673 1061 765 1126 fioroso
785 1063 827 1109 vel
849 1061 940 1109 cicroso
967 1060 1053 1124 primo
1083 1068 1211 1110 exaratum

112 1143 190 1192 Forte
201 1142 317 1204 cogitque.
333 1142 368 1189 D.
381 1140 471 1188 Heins.
681 1135 783 1196 luerat3
799 1137 914 1202 flironte,
934 1143 963 1185 ut
984 1151 1086 1186 verrom
1102 1151 1119 1185 n
1130 1137 1209 1186 renis:

146 1222 177 1266 12
196 1218 309 1265 Occasam
328 1217 419 1265 volnere
436 1216 501 1279 pati]
530 1215 643 1263 Didicere
681 1214 720 1265 its
735 1214 876 1262 ‘renosum
895 1213 995 1261 librum’
1013 1211 1085 1262 dixit
1103 1213 1211 1262 Persius.
1255 1224 1257 1233 ·

112 1294 188 1358 prim.
205 1294 289 1342 Vntic.
311 1300 340 1342 et
361 1307 406 1341 sex
426 1294 487 1352 alii3
505 1299 595 1340 recte:
614 1297 644 1340 nt
682 1289 757 1339 Idem.

110 1369 198 1428 infra3
215 1368 435 1418 ‘Etdirliciteum
447 1369 643 1416 mammeam!
713 1371 746 1415 22
774 1365 940 1429 Prometlrens]
968 1366 1088 1416 Titanes·
1104 1380 1163 1415 suos
1182 1366 1212 1413 lo·

111 1443 238 1494 Barthius
259 1445 374 1493 Occasnm
393 1448 502 1506 manere
521 1443 583 1505 pati,
608 1457 642 1491 sx
681 1441 779 1506 quitur,
800 1457 865 1506 quos
885 1442 976 1490 vinclis
995 1442 1102 1491 salvere
1123 1441 1212 1491 studet.

29 1558 32 1563 .
111 1519 642 1582 membranis:nescioautemqnssdesig·
681 1517 772 1566 Basilo.

112 1604 159 1647 net
178 1597 358 1654 membrnnns3
385 1611 442 1643 nam
464 1595 599 1643 Palatinus
616 1601 644 1643 et
713 1599 744 1644 23
773 1596 880 1645 Atlantis
900 1596 974 1659 amoc]
1001 1597 1068 1645 Dux
1096 1596 1210 1644 mwnn

112 1671 291 1722 Pulmnnniani
303 1686 350 1735 pro
361 1673 470 1733 vulgata
481 1677 551 1718 stant
563 1670 642 1733 scrip·
680 1685 737 1720 enm
758 1686 859 1734 poenam
879 1673 986 1721 sceleris
1002 1670 1106 1732 retulit,
1125 1676 1156 1720 ut
1171 1670 1210 1718 im·

111 1757 178 1798 turs.
213 1748 317 1798 Deinde
328 1747 403 1795 multi
416 1753 517 1794 veteres
526 1761 579 1794 cnm
588 1744 642 1803 ser·
679 1760 794 1796 mensam
807 1748 865 1796 cosli
885 1762 949 1795 onus
967 1760 1073 1810 semper
1089 1752 1211 1809 portaret.

111 1824 175 1886 omn,
186 1838 237 1870 non
249 1829 307 1872 tnm.
325 1822 408 1871 Idem.
679 1823 724 1871 lta
735 1837 796 1871 vero
807 1823 940 1887 Typhoeas
949 1823 1144 1874 contraJovem
1153 1836 1210 1886 prae·

144 1903 175 1947 lt
187 1899 265 1947 Pnies
275 1900 391 1946 domitian
402 1899 477 1961 Deos]
486 1898 570 1948 Omen
582 1897 643 1946 belli
680 1899 742 1947 lium
761 1899 872 1948 initurus
892 1898 1027 1947 Atlantem
1046 1913 1075 1946 se
1096 1898 1209 1950 liberatu-

110 1976 230 2039 prosperi
241 1975 340 2036 arripit.
361 1974 449 2022 Bortls.
681 1976 861 2036 ramelenum,
888 1982 916 2023 nt
947 1974 992 2023 Dii
1014 1981 1147 2037 cogantur
1168 1986 1208 2022 sut

144 2056 174 2100 16
193 2049 322 2111 Montium]
347 2050 455 2109 eninm,
476 2054 580 2113 terram,
601 2048 643 2097 nii-
680 2062 761 2112 opera
772 2050 864 2098 coslum
876 2050 1013 2110 sustinere,
1022 2049 1050 2097 in
1062 2049 1170 2112 Dionys.
1181 2061 1208 2096 ιι.

112 2142 175 2178 rem.
199 2128 305 2176 Mandas
315 2126 344 2173 cl
355 2127 410 2173 πᾶν.
428 2126 503 2175 Idem.
717 2126 873 2174 Flnrnmantia
882 2125 997 2188 pondera]
1017 2125 1084 2173 Cum
1097 2126 1207 2173 laberen-

145 2208 176 2252 16
203 2202 310 2264 Sentiat]
336 2201 430 2251 Sentiet
457 2201 532 2263 prinr.
554 2199 642 2249 Vatic.
681 2202 828 2261 tnrsidera,
844 2199 1207 2263 malleoearefigerediseba·

111 2280 179 2329 idem
191 2294 249 2328 mox
261 2294 309 2342 pro
327 2283 439 2339 agnoscat
450 2291 508 2325 enm
519 2276 576 2324 aliis
591 2277 642 2338 pie·
680 2285 731 2328 tur.
748 2277 836 2327 Bootis.

112 2356 199 2420 iisqne
218 2361 352 2416 cognoscet:
370 2354 486 2402 nonnulli
505 2358 643 2414 cognomat:
712 2359 744 2403 24
774 2356 808 2403 Et
828 2369 872 2417 per
893 2353 1016 2417 canitiem]
1046 2352 1149 2403 Aberat
1173 2353 1208 2402 iric

109 2431 234 2479 Barthius
253 2434 376 2490 cognoscat
393 2431 454 2492 qnod
477 2432 542 2477 terra
558 2432 642 2491 potest.
681 2445 770 2479 versus
781 2431 812 2479 ab
824 2438 879 2493 opt.
890 2420 1011 2479 Ambro's.
1023 2436 1054 2478 et
1069 2431 1127 2480 sine
1138 2429 1207 2479 dubio

111 2507 146 2555 D.
163 2506 255 2554 Heius.
681 2505 819 2554 mendosus
838 2512 891 2554 est:
902 2505 1058 2568 flammantia
1070 2521 1173 2570 quoqne
1184 2505 1209 2553 si·

143 2579 201 2639 Ille]
219 2581 303 2629 Quem
322 2579 409 2627 dicere
427 2579 551 2628 detestor.
585 2581 643 2629 Nec
679 2583 746 2642 clera,
766 2596 816 2629 non
835 2585 939 2644 pondera
956 2582 1150 2646 Rottendorph.
1180 2581 1208 2630 ll.

111 2654 249 2714 dicendum
268 2654 337 2716 quod
354 2657 463 2702 extremi
476 2655 537 2705 odii.
556 2655 642 2704 Barth.
681 2658 768 2706 Heins.
1189 2706 1190 2711 ,

145 2734 175 2778 17
203 2732 333 2791 Agnoscat,
355 2731 411 2792 qrcid
441 2731 525 2792 Terra]
555 2732 642 2792 Lege:
716 2734 813 2782 Glacies
835 2733 975 2797 asperrima]
1003 2734 1209 2797 Descriptionem

113 2806 252 2867 Cognoscat,
263 2809 325 2869 qnod
335 2813 400 2854 terra
414 2811 501 2868 potest,
511 2808 545 2854 sic
554 2807 644 2855 oio-toas
682 2807 796 2858 Atlantis
806 2812 907 2873 plenam
916 2811 997 2858 habes
1006 2811 1031 2858 in
1038 2810 1133 2860 Africa
1139 2812 1209 2862 Joan·

110 2882 166 2931 allis
179 2881 283 2933 Vincor?
300 2899 343 2932 ater
361 2884 427 2932 nolis
446 2883 533 2946 Cybele
549 2883 644 2932 meliora
681 2887 722 2934 nis
735 2888 828 2935 Leonis
840 2885 908 2935 Afri.
927 2886 1018 2934 Bnrtlr.

108 2957 216 3010 creavit?
237 2960 319 3008 Idem.
714 2964 744 3009 25
754 2962 851 3026 Tityon]
864 2963 966 3010 Fabul-n
977 2962 1130 3013 notissime.
1143 2965 1209 3012 loen

143 3036 173 3085 Si
192 3038 280 3084 ciribns
299 3038 364 3099 allis]
389 3038 453 3100 Opt.
473 3037 593 3088 Ambros.
615 3046 643 3089 et
713 3041 745 3084 28
757 3037 846 3085 Solvite
859 3039 957 3086 Titanas
968 3039 1064 3100 sinclis]
1076 3041 1210 3089 Sanevero

111 3120 220 3176 qaatnor
232 3113 285 3171 alii,
302 3114 324 3159 si
344 3114 521 3161 cnrribnsillr'c:
537 3116 558 3161 si
569 3114 643 3162 curri.
681 3110 703 3158 si
722 3112 899 3160 cruciabiliter
917 3112 1028 3163 extincti
1048 3122 1136 3163 morte
1153 3111 1211 3164 toiri

110 3187 152 3234 bns
163 3187 218 3232 nilis
230 3194 291 3233 tert.
301 3188 384 3234 Vatic.
403 3195 430 3234 et
450 3188 641 3251 Rottendorplr.
666 3182 810 3249 'poterunt
830 3189 906 3236 iacnt.

110 3261 331 3310 Putocm·oirilms
342 3262 379 3308 illi
393 3261 496 3312 Vincat?
520 3265 641 3312 Barthins
712 3261 842 3318 Defendite
853 3263 962 3324 inatrem]
979 3264 1043 3312 Post
1061 3265 1118 3314 hese
1131 3265 1157 3312 in
1168 3265 1212 3312 Im·

109 3336 304 3384 sicririirnsnllis
320 3335 421 3386 Vincor?
437 3338 501 3385 Mox
514 3338 643 3402 prosaicis,
680 3336 752 3386 censi
763 3338 846 3385 hiatus
856 3337 930 3384 anias
943 3352 1040 3385 versus.
1060 3339 1146 3388 Paulo
1157 3345 1212 3387 ants

110 3415 224 3464 Florem,
245 3417 270 3462 s,
292 3415 377 3463 Murci
396 3415 474 3471 voit„
490 3415 560 3478 quod
579 3430 642 3478 ρης.
679 3412 880 3473 exercitamina,
892 3425 944 3459 noa
954 3414 1018 3460 altor
1030 3414 1056 3462 in
1068 3414 1146 3477 prim.
1156 3415 1213 3463 Vnt.

108 3495 169 3539 stat.
188 3492 223 3538 D.
234 3491 319 3540 Heins.
680 3490 713 3538 D.
725 3489 811 3538 Heins.

143 3569 175 3613 19
193 3567 451 3629 Qnisemperocerlris]
470 3569 641 3618 Canncens.
718 3569 751 3614 29
789 3566 881 3614 Vestris
906 3581 948 3614 nec
972 3567 1067 3629 parcite
1092 3565 1211 3629 membris]

108 3646 139 3689 et
156 3641 228 3702 prior
249 3644 361 3702 litareti3
380 3645 459 3692 bene:
478 3645 581 3704 plurimi
598 3646 641 3692 alii
681 3641 779 3688 Nostris
795 3656 824 3689 nc
838 3643 945 3705 scripti3
961 3650 988 3690 et
1007 3646 1104 3705 placet.
1138 3646 1213 3693 Frett

109 3731 170 3780 qaoe.
186 3717 265 3764 Forte
276 3722 310 3765 at.
347 3720 427 3766 Panlo
436 3731 496 3768 ante
510 3721 556 3769 Cni
567 3723 642 3769 renunes
680 3726 708 3768 et
720 3728 819 3767 nrontes
837 3720 952 3767 membra
963 3736 1008 3768 sua
1029 3729 1108 3773 vocat
1117 3724 1215 3782 elegan-

107 3791 201 3841 tellnris
218 3792 289 3840 loonos
308 3793 382 3855 prim.
405 3795 492 3844 Vatic.
514 3810 563 3844 non
583 3797 640 3846 cnr.
680 3801 735 3842 ter:
753 3796 788 3842 sic
801 3810 860 3842 mox
880 3796 975 3844 ‘tellas
996 3797 1026 3844 ln
1044 3804 1121 3846 natos
1133 3797 1213 3846 divisa
1235 3818 1238 3822 ⁴

109 3867 194 3919 Idem.
679 3868 758 3918 suos.'
782 3871 856 3918 litem.

107 3982 110 3987 «
142 3951 173 3994 21
206 3947 264 3995 Vioo
282 3947 323 3994 snio
343 3951 435 4009 pectore
454 3948 543 4012 pascit]
568 3949 641 3996 Nullo
715 3944 807 3994 Vestris
816 3959 858 3992 nec
867 3947 959 4006 parcite
978 3946 1102 4009 membris]
1117 3947 1212 3996 Veram

109 4025 257 4075 Palatinas:
274 4029 365 4075 caeteri
384 4040 432 4088 pro
451 4028 553 4090 vulgata
570 4033 642 4076 stant
679 4021 817 4069 leotiossem
829 4019 973 4069 defendunt
987 4023 1213 4072 membrano-m·

109 4099 249 4166 scriptura.
276 4101 530 4154 Bartlriusoolnorcm
538 4102 641 4154 recidito
677 4099 888 4164 annonam
908 4099 997 4150 Terris
1007 4097 1213 4160 animmomlrs,
