2662 4696
322 334 491 391 atacrru
515 338 564 390 na
587 341 774 392 ruraurca.
1010 312 1100 390 litt

83 500 133 537 rem
146 484 282 550 provenire
293 485 396 535 Plinius
409 492 530 537 testatur.
567 484 637 536 inter
646 482 855 537 caeterasherbas
862 485 1039 535 suaveolentes
1042 485 1099 550 jorn

91 563 249 613 Sciroliaares
260 556 386 612 Nicandri
397 561 531 627 χειρωνείαν
569 566 710 612 recensitas
733 560 804 612 t'acit.
839 561 935 610 Videor
954 560 1049 610 alicubi
1064 561 1099 610 le-

83 632 205 702 nenpciau
224 637 261 686 rai
280 635 408 687 πανάκειαν
427 638 531 688 easdem
569 640 637 702 gisse
649 653 769 704 panaceae
785 654 842 687 cunr
861 638 964 702 myrrha
975 637 1025 686 uim
1038 651 1100 686 non·

83 731 100 765 rs
111 715 248 764 manifeste
260 713 336 764 facit:
356 715 401 762 secl
414 727 472 762 curn
490 728 532 775 prr·
570 715 632 765 nihil
658 713 737 764 scrisse
760 729 931 774 communem,
959 712 1004 762 scd
1026 712 1099 762 locus

83 801 193 839 unomen
205 789 301 838 diversi
314 790 415 852 generis
427 790 532 852 plantis,
570 806 639 840 nunc
659 791 762 856 quidem
783 805 833 839 non
855 789 984 838 succurrit
1009 795 1054 839 aut
1074 784 1101 838 ia

97 883 127 917 ac
140 874 272 930 potestate
285 867 403 915 medendi
415 882 464 915 ncc
481 865 532 914 icr-
572 875 693 931 promptu
707 874 755 916 est.
789 859 910 915 Gaudeat
921 862 1025 913 interim
1037 865 1102 923 Lac-

83 946 103 995 sl
113 946 223 994 invicem
242 944 305 992 satis
318 943 533 1006 respondentibus
572 943 669 991 lautius
699 940 840 991 i'oedissimo
866 955 940 990 naeuo
967 940 1102 990 liberatus.

83 1021 163 1080 litam,
175 1033 282 1083 quarum
293 1027 371 1067 ciram
382 1020 407 1066 in
420 1033 535 1080 numero,
573 1019 649 1066 Nunc
661 1016 693 1066 acl
703 1018 800 1082 reliqua
812 1031 959 1079 pergamus.

83 1114 91 1146 ι
101 1096 220 1158 vidimus,
229 1102 406 1156 centauream,
418 1095 535 1143 excusari
604 1097 637 1143 89
653 1093 768 1142 Protinus
777 1092 802 1140 ia
813 1097 888 1141 strato
899 1086 981 1154 corpus
991 1085 1105 1140 mutabile

83 1188 121 1222 rus
142 1179 239 1236 petest,
254 1159 359 1220 defendi
376 1172 418 1218 vix
440 1176 537 1233 potest,
572 1169 640 1231 nido]
656 1168 784 1218 instructis
802 1183 885 1232 corpus
901 1166 989 1229 nolite,
1002 1165 1105 1217 Vossia-

85 1248 187 1313 pecirm
214 1263 229 1295 a
252 1263 347 1310 genere
376 1246 534 1308 distinguat:
573 1263 631 1308 nus,
643 1254 671 1296 et
685 1246 811 1309 Nirialique
821 1250 884 1294 toro:
903 1246 948 1296 sed
963 1245 1059 1295 eitulcm
1070 1251 1105 1295 it·

83 1328 106 1374 et
117 1322 218 1372 Plinius
230 1336 287 1372 com
301 1322 432 1371 Nicandro
444 1327 536 1370 cenicu—
573 1339 627 1371 rum
634 1331 728 1386 argute
741 1317 850 1371 mor'tucli
859 1327 920 1384 toro,
931 1323 958 1371 ia
975 1330 1051 1385 quern
1062 1336 1106 1371 ea·

92 1402 220 1463 'panaceae
250 1399 385 1461 speciebus
408 1405 537 1446 accenset.
575 1398 673 1447 davera
690 1397 918 1460 componebantur,
936 1396 1107 1460 opponitur·

83 1482 141 1525 rtem
152 1473 280 1523 botaulcis
298 1475 354 1522 lraec
375 1473 537 1522 discutienda
573 1472 757 1536 pusindntnbilc
769 1472 928 1522 Hafniensia.
946 1466 1107 1531 lincolnien·

83 1538 186 1615 uramus,
197 1549 263 1614 quod
277 1550 386 1597 maxime
400 1548 432 1597 ad
445 1563 537 1613 propo·
575 1549 609 1596 sis
625 1564 708 1611 camur
721 1548 851 1612 mortabile,
868 1556 897 1599 nt
908 1555 936 1598 et
952 1548 1106 1599 Mediceusr

95 1632 123 1676 et
134 1641 188 1680 rem
201 1632 354 1689 praesentem
367 1624 439 1688 lacit,
457 1627 537 1674 Theo·
577 1643 642 1687 rinus
651 1628 803 1690 Vaticanus,
813 1628 986 1690 stercoream
992 1625 1109 1678 mdaiile.

83 1706 125 1753 tus
148 1702 272 1751 Historiae
296 1701 448 1750 Plautarurn
469 1700 538 1749 lra-
577 1700 872 1767 forsanproreporalilc.
904 1698 1023 1751 Viderint
1034 1716 1109 1766 uaga·

83 1813 89 1829 .
107 1783 219 1842 quatuor
237 1791 359 1840 panacea
379 1777 480 1841 speclea
502 1793 540 1826 re·
578 1778 662 1828 ciorcs
680 1792 713 1826 an
733 1779 839 1842 vulgata
858 1776 987 1842 scriptura
1003 1777 1061 1828 loco
1076 1776 1110 1829 sit

84 1867 124 1916 ns,
147 1853 255 1917 primam
273 1855 384 1903 omnium
406 1860 541 1903 enumerat
577 1855 712 1905 movenda.

83 1944 148 1980 :earn
161 1930 302 1994 Syriacam,
320 1930 352 1978 de
366 1945 417 1994 qua
429 1931 540 1980 Lactan·
610 1936 643 1981 96
653 1932 772 1981 Flammas
776 1932 883 1996 parturit
891 1933 940 1997 ipae
947 1931 1022 1996 color]
1035 1932 1111 1982 fiam·

83 2019 178 2069 proque
197 2014 284 2054 noster
301 2021 368 2054 nunc
388 2003 451 2070 agit,
470 2013 499 2055 at
514 2013 541 2056 et
579 2022 641 2056 mam
651 2008 753 2071 scripti,
764 2006 955 2072 etAEtlrcriopuc
966 2023 1014 2072 pro
1025 2007 1110 2058 A'c'ric·

83 2095 119 2144 us,
135 2081 151 2130 l.
164 2095 213 2129 xrr.
227 2096 250 2129 c..
262 2085 301 2129 26.
320 2081 362 2130 ubi
380 2083 401 2130 is
413 2083 541 2131 immerito
580 2100 641 2148 que,-
657 2091 738 2134 recte.

83 2154 210 2204 itenditur
233 2171 248 2204 a
271 2158 449 2222 Dalecampio,
474 2159 541 2222 qrrorl
613 2165 646 2210 99
663 2160 717 2209 Hos
735 2163 799 2209 uelut
819 2161 844 2208 in
860 2176 960 2208 errassem
979 2160 1067 2210 cineres
1085 2159 1112 2210 itt

83 2233 146 2281 entis
169 2247 284 2296 panacen
305 2234 486 2296 annumerant,
506 2235 542 2282 in·
580 2242 655 2285 morte
671 2237 772 2299 coactos]
803 2237 912 2285 Codices
934 2237 1025 2296 nostri,
1048 2236 1114 2291 Quot

102 2307 198 2371 odoris,
219 2309 320 2371 siquid
344 2309 380 2357 illi
407 2309 544 2373 credimus,
580 2312 650 2361 scirit.
683 2312 819 2361 Praeterea
829 2312 968 2364 Vossianus
983 2313 1071 2361 cinerea
1086 2312 1114 2362 in

83 2397 136 2433 am.
170 2383 246 2448 Atqui
258 2385 452 2447 Theophrastus
471 2384 543 2434 Hist.
581 2401 645 2435 more
663 2391 770 2436 coactus:
787 2401 853 2437 aaut
864 2386 1005 2436 Vaticanus
1025 2388 1114 2438 cineres

83 2466 101 2510 t.
113 2461 131 2510 l.
144 2472 184 2509 rx.
197 2476 221 2509 c.
234 2465 272 2509 lo.
286 2461 318 2508 dc
332 2476 444 2524 panace:
462 2458 544 2524 xpdnt·
582 2465 611 2511 de
620 2478 698 2520 rnorc3
714 2464 793 2525 alter,
805 2462 893 2513 celesti
904 2479 956 2512 rere
966 2468 1073 2513 coactos:
1088 2464 1114 2513 ia

83 2534 96 2585 l
113 2536 152 2585 uei
167 2535 224 2600 πρὸς
239 2535 268 2584 τὸ
283 2535 353 2600 ἶρινὸν
362 2535 442 2600 μόρον,
454 2538 491 2586 διὰ
501 2537 546 2596 τὴν
582 2543 660 2588 monle
673 2538 800 2589 Oxonlns.
833 2534 923 2604 Forte,
932 2538 957 2588 ia
969 2536 1069 2590 diescant
1082 2540 1115 2589 ci·

83 2625 118 2662 au·
135 2610 286 2676 ἴσχνρότερον
302 2611 328 2661 δὲ
345 2612 374 2660 al
393 2611 485 2677 σπέρμα
502 2616 545 2672 τῆς
583 2631 649 2665 neres
669 2616 720 2664 sine
741 2631 804 2665 more
822 2615 928 2675 coactos,⁸
952 2617 1000 2669 hoc
1020 2625 1071 2681 est,
1088 2617 1115 2666 in

83 2704 86 2718 ¹
111 2686 202 2750 plueret
222 2687 247 2736 u
265 2689 317 2752 περὶ
339 2689 431 2752 Συρίαν.
466 2689 545 2738 Vides
584 2708 691 2741 massam
713 2691 873 2743 inconditam
899 2701 977 2758 atque
1004 2693 1116 2758 indiges·

83 2764 220 2830 ›phrastunr
242 2780 299 2813 cum
328 2765 414 2814 Plinio
441 2766 546 2815 scrutur.
585 2775 655 2818 tarn:
674 2767 711 2817 sic
729 2768 779 2817 riae
794 2783 858 2817 more
867 2768 961 2829 furere,
971 2785 1074 2833 currere,
1085 2770 1117 2819 si·

83 2854 102 2890 ἐ
113 2847 200 2890 autern
211 2839 323 2888 Plinium
335 2840 368 2888 de
379 2841 485 2904 Syriaca
497 2842 547 2890 Pa·
585 2843 715 2908 miliaque.
748 2843 835 2892 Possis
847 2843 925 2891 etiam
936 2843 961 2892 in
973 2859 1072 2894 mamam
1083 2845 1116 2894 ci·

83 2932 106 2978 a,
130 2918 169 2966 vel
191 2917 250 2967 iude
271 2918 394 2981 liquidum
417 2917 456 2979 fit,
478 2919 547 2983 quand
584 2934 652 2969 neres
668 2911 798 2981 eriemque,
816 2919 859 2966 vel
874 2920 1036 2981 cumulumque
1053 2934 1118 2968 coac·

83 3000 118 3042 tau
140 2994 221 3057 Syriae
242 2995 364 3042 odoratas
385 3009 416 3044 eo
439 2994 496 3056 ipso
517 3009 547 3044 ac
586 2999 637 3042 loc:
654 2992 699 3041 sed
715 2994 765 3041 sine
784 2993 964 3056 morcpropius
977 2992 1118 3057 respondet

83 3069 133 3118 ime
146 3069 303 3132 praecedenti
315 3070 403 3133 capite
411 3070 548 3124 describat,
585 3071 717 3119 Vossianae
737 3069 882 3134 scriptura.
915 3069 957 3118 Sic
975 3069 1043 3132 apud
1063 3070 1118 3118 Ma-

94 3144 275 3206 dubitandum,
300 3147 360 3210 quin
383 3153 411 3194 et
432 3147 548 3196 Maronis
588 3160 685 3208 renem,
703 3146 868 3209 ‘Tempestas
879 3146 932 3194 sinc
950 3162 1022 3197 more
1039 3144 1120 3199 sunit

83 3224 92 3272 ι’
104 3223 161 3287 jam
180 3237 246 3270 ame
264 3223 289 3270 in
302 3221 413 3271 medium
426 3223 549 3285 prolatus,
588 3224 652 3272 Mox
664 3223 857 3288 corrigendum,
870 3229 893 3274 ci
904 3222 1013 3288 effectum
1024 3224 1120 3274 seminis

83 3297 171 3361 yriaca
184 3312 298 3359 panacea
315 3297 496 3360 intelligendus
508 3298 550 3361 sit,
588 3290 666 3349 instar
681 3299 766 3348 habent
775 3315 784 3357 ‚·
801 3299 902 3349 cineres
919 3313 1029 3362 nempe,
1049 3299 1119 3364 qrred

83 3372 89 3423 l
112 3373 254 3434 odoriferum
273 3389 329 3422 earu
349 3373 402 3423 illic
425 3377 550 3439 appellet.
588 3375 672 3425 codex
683 3372 867 3423 Hafnicns'rset
877 3371 1120 3423 Bartholiaiuscon·

83 3464 152 3499 acam
166 3456 210 3498 ant
222 3450 282 3497 nihil
303 3457 347 3498 aut
359 3450 488 3499 minimum
502 3450 551 3500 dif·
589 3450 703 3514 firnraat,
722 3451 791 3499 lebet
810 3450 835 3498 ia
854 3449 964 3511 vulgatis
983 3462 1120 3511 perperam

83 3526 268 3577 eabHeraclea
277 3526 354 3576 facile
367 3536 499 3591 agnoscet,
509 3529 552 3594 qui
590 3524 782 3578 circumfertur.

83 3616 155 3666 uque
176 3603 378 3664 descriptionem
401 3603 426 3650 in
444 3605 553 3653 Diosco-
625 3606 673 3655 102
684 3598 732 3651 Sed
734 3597 920 3663 ferturuermis]
935 3599 1012 3653 Vereri
1020 3599 1045 3649 in
1056 3599 1122 3664 pris·

87 3674 225 3742 Plinioque
238 3680 381 3727 accuratius
399 3680 484 3741 paullo
496 3693 553 3740 per·
592 3676 837 3740 cisexemplaribus.
854 3678 990 3727 concinne.

83 3750 224 3802 let.'Certe
233 3769 367 3816 opopanax
376 3753 430 3801 sive
440 3755 554 3816 lacryma
626 3756 673 3802 loa
691 3754 773 3802 Crevit
793 3754 819 3803 in
838 3754 989 3817 immensum]
1015 3752 1123 3806 Creverit

83 3827 408 3876 nsimiodorrsexnacet
424 3829 468 3878 illa
484 3829 554 3877 colli.
592 3830 730 3879 immensum
752 3831 901 3894 Vossianus,
922 3846 980 3880 euna
1008 3829 1123 3878 editione

83 3908 140 3953 dur.
174 3904 214 3952 Dc
226 3904 283 3952 olco
296 3904 414 3968 panacite
425 3905 553 3968 agitidern
594 3901 1054 3970 Romana,cumquatuorcodieibus:
1072 3918 1123 3970 qao

83 3978 133 4047 iias,
144 3980 161 4028 l.
176 3991 238 4030 xrrr.
249 3995 271 4028 c.
285 3985 308 4031 7.
324 3981 395 4030 Scite
405 3981 483 4044 igitur
492 3981 554 4031 Lac·
594 3982 687 4033 alludit
698 3990 726 4032 et
738 3976 894 4033 oxoniensis
905 3982 963 4031 libri
975 3980 1047 4045 illud,
1055 4039 1058 4049 Ι
1066 3983 1123 4031 Cre.

83 4052 122 4104 ins
143 4055 261 4104 Plroenici
279 4054 395 4119 insyria
412 4055 555 4105 nidificanti
594 4059 698 4127 aetitia
716 4074 823 4109 mearam.
858 4059 967 4108 Crescere
978 4059 1126 4121 immensum,

83 4142 147 4183 rceae
160 4131 256 4192 plantae
270 4130 391 4194 Syriaca,
403 4131 554 4196 etquidem,
595 4142 624 4185 et
633 4130 802 4185 iuimnteusunr
813 4135 917 4184 dicitur.
950 4135 1022 4184 Naso
1034 4133 1125 4184 Festo·

83 4218 117 4256 nu
127 4206 247 4272 vidimus,
256 4201 442 4258 'odoratissima
453 4208 554 4272 copiam
595 4224 652 4261 ram
662 4210 681 4261 l.
693 4225 720 4262 u.
736 4204 882 4260 ‘Creverat
897 4211 1065 4273 immensum,
1082 4222 1125 4260 co·
