2662 4696
166 315 221 365 nn
240 313 367 363 uteru
392 312 572 364 sassures.
594 313 669 363 nis.
693 314 735 363 rr.
759 282 929 365 rueras.
1016 298 1105 369 totu

85 458 191 507 everius.
223 456 532 507 Mansuefaetoslriome·
569 458 699 520 Luctum,
708 458 754 510 lib.
766 473 785 508 r.
816 458 873 509 ‘Et
890 473 942 525 qua
960 459 1052 510 brunia
1070 461 1104 510 ri·

85 549 137 598 tuos
160 534 275 597 gramine
294 533 368 598 pavit
395 533 532 595 Hercules,
568 548 632 597 gens
644 549 675 583 ac
684 536 836 585 uesciuvere
847 537 945 586 remitti
954 536 1106 602 Adstringit

85 611 191 674 inguine
221 617 249 660 et
271 610 389 658 humanis
411 609 532 657 carnibus
567 611 717 673 Scythicum
739 612 845 676 glaciali
864 611 960 677 frigore
978 615 1103 677 pontum!

86 687 255 736 arcebantur.
289 686 331 735 lta
342 685 439 734 Bacchi
452 686 531 748 tigres
569 685 663 736 Libzv.
686 686 746 736 ‘Sic
759 695 812 737 stat
829 689 898 738 iners
912 690 1104 753 Scythicus-ed·

85 762 140 811 ucit
153 764 263 825 Statius,
276 763 356 812 Theb.
370 776 422 811 xrr.
449 762 531 811 ‘San-
567 761 698 825 stringens
718 764 960 827 Bosporosuudas!
994 767 1103 827 Statius,

96 840 194 889 oblitas
216 849 295 904 atque
316 841 406 888 ludum
424 854 531 902 gromen
568 837 695 890 Thebax.
711 839 854 889 ‘Protinus
871 841 1009 891 adstrictos
1021 842 1103 892 uidicl

85 917 115 966 s?
132 918 218 967 Video
230 934 244 967 a
254 918 360 966 Bartlrio
373 932 460 965 veram
471 932 533 980 quo·
569 921 673 977 reptare
689 930 737 977 per
749 917 855 966 amnes?
890 918 979 969 Quare
997 933 1056 967 cum
1078 919 1106 968 in

85 995 215 1056 ripturum
228 995 296 1043 curis
308 995 428 1042 secundis
439 994 531 1056 depre·
568 989 717 1040 Hexamero
729 992 865 1042 Dracontli
877 994 998 1057 legetur:
1022 995 1104 1046 ‘Non

85 1085 100 1118 ιι
123 1085 189 1120 esse.
223 1072 380 1121 Gebhardus
402 1072 531 1120 Dionnum
569 1067 666 1129 glacies
674 1066 795 1118 districtu
804 1068 901 1130 damet,
910 1084 961 1118 nou
972 1070 1106 1133 grandinis

85 1161 119 1208 re,
129 1154 159 1195 ut
171 1147 226 1209 ipse
244 1148 386 1196 Diomedes
398 1149 532 1211 equissuis
568 1144 662 1205 ictus;'
688 1147 780 1208 opinor
811 1147 960 1210 legendum,
980 1149 1106 1200 adumar·

85 1221 289 1284 nsdesignetur3
301 1222 532 1286 seductamscrlp·
570 1221 650 1282 Naso,
670 1221 737 1271 Met.
754 1223 772 1271 l.
789 1236 809 1272 1.
838 1224 944 1272 ‘ventis
954 1224 1050 1287 glucies
1061 1223 1107 1275 ad·

91 1312 140 1347 nos
151 1299 322 1347 exhibuimus.
340 1301 374 1348 D.
387 1299 473 1348 Heius.
570 1296 663 1344 stricte
673 1297 816 1360 pependit!
854 1299 983 1347 Tristiunt
1005 1299 1051 1350 lib.
1071 1312 1104 1349 u.

85 1372 376 1436 uedaeossauguinepurit
387 1373 531 1437 equoerli
570 1372 705 1434 ‘Longius
722 1372 771 1421 hac
789 1372 914 1435 utibilest,
932 1374 981 1422 nisi
1004 1382 1105 1425 tuntum

85 1451 221 1500 >inmeritam
239 1451 350 1513 pamiae
367 1451 434 1515 pauit
455 1467 533 1514 equos.
570 1449 651 1512 frigus
669 1457 698 1498 et
712 1449 803 1510 bostis,
824 1451 857 1499 Et
877 1451 955 1499 maris
977 1452 1107 1503 adstricto

85 1526 197 1575 nanetus
208 1535 269 1574 ante
282 1526 410 1575 homiuum
423 1525 533 1574 caduce·
570 1540 628 1588 quae
641 1524 694 1575 coit
705 1525 774 1593 untia
786 1527 845 1590 gelu
853 1525 869 1575 :'
881 1528 919 1575 sic
930 1533 958 1576 et
969 1528 1021 1577 ulii.
1039 1528 1107 1579 Not·

86 1605 171 1669 pasci,
189 1605 260 1653 vivos
276 1605 355 1653 etlam
376 1619 423 1667 pro
436 1604 532 1666 pabulo
571 1609 611 1649 ter
622 1602 690 1651 bello
699 1602 820 1663 Getico,‘
830 1602 956 1653 flaventes
964 1605 1106 1668 adstringit

85 1696 103 1743 r,
112 1680 179 1730 dicit
191 1681 223 1730 cb
236 1680 353 1729 Hercule
373 1679 532 1729 seductorio
569 1679 643 1727 stiria
665 1679 751 1729 setas!
791 1681 916 1745 Sequenti
939 1696 1015 1731 versu
1035 1696 1106 1746 rupes

85 1773 99 1807 u
122 1757 254 1821 equinum,
274 1757 384 1820 gramini
412 1757 532 1805 nimirum
569 1770 620 1805 non
632 1762 790 1807 mamercum
801 1759 905 1821 scriptis
916 1757 972 1807 fere
986 1759 1104 1810 omnibus

85 1834 137 1883 ulo.
156 1835 246 1884 Barth.
360 1856 364 1862 ·
570 1833 717 1895 legendum.
752 1835 905 1896 Paulupost
922 1835 1105 1898 maleRaplre·

85 1909 192 1959 Deruetoe
214 1910 312 1974 repetit]
337 1913 446 1974 Rrpurut
467 1912 539 1960 Isin··
569 1911 671 1972 leugins
693 1925 752 1959 euru
771 1910 928 1959 membrenls
950 1910 1104 1975 quibusdam

85 1984 189 2034 setius:
208 1993 238 2035 ut
250 1986 349 2035 dictum
364 1986 432 2035 bello
443 1986 530 2036 Getic.
571 1985 728 2048 Cirrhaeique.
746 1985 867 2036 Cirrlraeus
874 1991 1051 2036 mercantum
1062 2002 1105 2037 vo-

85 2059 205 2110 Mleiar.
570 2070 621 2112 cat.
654 2063 727 2113 Idem
740 2064 877 2113 moxbeue
896 2070 951 2113 ectu
969 2063 1051 2120 meruit,⁸
1076 2069 1107 2113 et

85 2136 216 2187 necessse·
231 2136 291 2199 leui]
313 2137 380 2186 Laeot'
400 2137 487 2186 Aldus
503 2144 532 2187 et
570 2138 848 2188 confirmuutveteres:
863 2141 1009 2202 vulgoaprc
1021 2137 1104 2188 idem.

85 2213 161 2261 stium
181 2214 339 2276 Gronovius,
358 2229 382 2264 c.
394 2219 418 2262 9.
436 2216 479 2279 qui
492 2231 531 2263 se·
602 2214 743 2276 districtis]
759 2213 947 2264 Admiratione.
964 2215 1055 2263 Buta.

85 2302 121 2339 em
144 2290 221 2338 etism
246 2304 346 2339 versum
369 2291 444 2353 legit,
469 2298 532 2341 uta
602 2294 634 2339 22
654 2291 729 2338 Pinus
745 2290 834 2351 amico]
861 2290 978 2340 Quercui
996 2289 1105 2338 amicum

85 2379 223 2427 expressus
234 2374 284 2424 est,
295 2373 323 2415 et
334 2365 359 2414 iu
375 2366 531 2415 membranis
571 2364 634 2414 dicit
645 2366 733 2428 plnum
748 2365 902 2431 silvestrem,
923 2369 1032 2426 propter
1044 2377 1106 2413 con-

85 2441 222 2491 tntioribus
253 2441 399 2490 exhibetur.
447 2443 532 2504 Vulgo
570 2442 696 2491 ditionem
715 2441 824 2491 eandem
843 2440 978 2504 utriusque
995 2438 1105 2502 arboris,

89 2522 119 2565 et
129 2517 213 2566 nobile.
239 2518 396 2566 Petronius:
421 2520 533 2569 ‘Calcu
570 2516 671 2566 seilicet
699 2517 759 2581 quia
789 2522 880 2564 neutra
910 2514 1008 2565 amittit
1032 2513 1105 2564 folia.

109 2592 199 2643 tabula
226 2594 319 2643 mobile
347 2595 420 2644 ducit
451 2595 532 2659 opus!
571 2595 649 2644 Idem.

601 2675 634 2720 23
652 2671 798 2734 Despexers't
808 2671 883 2733 ortes]
910 2671 1022 2733 Duplurej
1034 2677 1106 2721 eute-

85 2743 157 2794 Vettti
175 2750 313 2794 sternuntur
323 2751 347 2795 et
358 2747 437 2809 unde]
465 2749 532 2797 Froe-
570 2761 646 2810 quam
658 2748 730 2796 lauru
742 2747 831 2809 puelle
842 2754 995 2795 mutaretur.
1012 2748 1088 2795 Idem.

108 2821 201 2884 scripti
220 2821 274 2871 sere
293 2838 382 2872 omues
403 2838 462 2873 cum
480 2825 532 2874 Ra·
602 2828 635 2873 29
651 2824 726 2873 Aeliu
734 2823 859 2884 Herculis]
877 2823 959 2872 Gesta
967 2821 1106 2886 magnlfics

85 2897 157 2961 lgi03
175 2899 266 2961 probe,
281 2898 403 2962 quicquid
415 2899 532 2949 oblucte
570 2908 599 2949 et
610 2899 731 2948 Hernica
749 2900 824 2947 Idem.

85 2974 206 3023 iunctus.
231 2976 357 3037 Respexit
368 2976 429 3025 illa
446 2978 533 3026 ‘-Luc
604 2981 634 3025 al
655 2975 791 3023 Ostendent
800 2972 900 3034 ungues]
924 2973 1015 3021 Malim
1029 2945 1106 3023 osten·

104 3057 197 3099 ventos
216 3058 436 3116 tempestatesque
459 3068 533 3102 sono·
570 3053 782 3109 annotarem
805 3051 904 3099 utbinc
916 3049 1028 3112 incipiet
1043 3062 1105 3113 npu-

85 3127 167 3189 tperio
184 3128 329 3188 premit,ac
342 3128 431 3176 vinclrs
442 3136 469 3175 et
480 3143 533 3176 car
572 3131 677 3193 strophe
690 3129 722 3177 nd
735 3128 887 3178 Herculem
905 3129 938 3177 D.
951 3114 1057 3177 Heius.

85 3200 195 3250 lroenat!
228 3202 280 3250 Sed
304 3211 332 3251 et
358 3203 420 3251 alibi
443 3203 530 3252 idem:
604 3211 636 3256 tt
655 3207 716 3255 Fero
728 3208 809 3255 ruent
820 3221 859 3253 ore
868 3205 938 3267 puer]
956 3205 1030 3253 Feros
1041 3206 1106 3255 Bar

85 3279 482 3343 scurrusfrenaretaquarum!
494 3282 533 3329 lu.
572 3284 655 3333 thius:
674 3299 772 3346 angues
787 3283 918 3331 videlicet.
936 3284 1011 3331 Idem.

85 3357 184 3417 Pigriur
203 3357 337 3419 adstructis]
365 3356 475 3416 Adfectis
500 3372 534 3406 ex
604 3361 666 3409 Fero
685 3359 735 3421 ore]
763 3358 880 3406 Scribam
895 3357 981 3416 serosr
1008 3371 1104 3421 angues

103 3432 221 3481 editione
237 3433 379 3494 Cluverius,
390 3447 466 3496 quam
484 3447 533 3495 ego
571 3436 701 3485 videlicet.
725 3436 813 3484 Burtlr.

85 3523 105 3556 nr
117 3523 175 3572 quae
188 3509 222 3556 sit
230 3509 335 3569 nesci03
347 3510 394 3557 boc
406 3509 469 3570 scio,
481 3509 534 3557 vul·
604 3515 635 3560 85
653 3510 795 3571 murrum]
810 3508 918 3557 Venisse
927 3507 1019 3556 enimc
1030 3508 1105 3557 Luna

100 3584 240 3633 lectionem
252 3599 303 3632 nun
315 3599 372 3633 esse
393 3586 534 3633 sollicitau-
571 3585 736 3648 precipitem
759 3585 785 3632 in
806 3593 890 3632 terras
912 3584 980 3633 hunc
1001 3584 1104 3634 leonem

102 3656 232 3723 Appostte
251 3661 423 3709 Germanicus
446 3663 534 3711 Cessat
571 3660 763 3710 fabulabantur.
780 3661 861 3718 Idem,

85 3735 257 3799 igrammute:
286 3736 390 3784 ‘Thrax
409 3751 473 3800 puer
491 3737 535 3785 ad·
603 3737 652 3784 Leo
668 3735 799 3798 rediturus]
823 3735 935 3787 Quidam
952 3736 992 3785 vir
1011 3737 1105 3787 doetus

85 3827 93 3860 t
113 3811 197 3875 glacie
209 3811 270 3860 dum
293 3812 360 3861 ludit
379 3813 406 3859 in
425 3813 534 3862 Hebro!
572 3812 717 3861 Rediturtrm
737 3813 879 3874 diciputat
897 3815 1105 3875 penituerunt

85 3902 126 3937 ns:
154 3888 209 3936 ‘Et
220 3888 274 3937 coit
292 3888 423 3937 adstrictis
444 3889 534 3937 barba·
573 3888 608 3937 sit
634 3887 806 3949 compositum
840 3900 886 3950 pro
909 3886 1036 3948 simplici:
1066 3887 1104 3936 sie

85 3972 126 4016 tet·
137 3965 227 4031 aquis!
252 3967 364 4015 Rutilius
376 3967 533 4017 Itinerario:
572 3963 641 4026 apud
663 3962 774 4012 Statium
790 3965 912 4023 regemunt
931 3974 979 4024 pro
995 3966 1104 4022 gerru.

87 4057 102 4091 e
112 4043 181 4106 riget
191 4042 310 4090 horridus
320 4043 396 4105 Ister,
407 4043 534 4091 Grandia·
573 4041 677 4090 Claver.

85 4118 193 4168 ustricto
205 4116 309 4167 flumine
321 4118 535 4183 plaustrsrchlt'
605 4121 637 4166 ³⁰
654 4115 759 4178 Dejiet's]
789 4114 914 4177 Magnum
935 4128 1000 4179 opus
1023 4112 1106 4164 lnfert
