2662 4696
180 312 269 382 1686
325 325 435 377 nora
459 323 660 376 vaurouun
685 325 726 375 ru
749 324 970 379 ou.·cr.suu.
993 323 1146 377 xxxix.

181 460 259 524 Silius
270 468 288 522 l.
301 480 329 523 x.
340 469 353 500 ⁴
365 466 715 537 pro‘liber‘tstisbonorevel
754 468 894 535 gientibus,
911 469 1026 518 omnium
1039 483 1092 536 epe
1109 472 1186 520 retro
1202 467 1281 522 relata.

181 544 715 602 tamuiasarmaremanus!Nosterlnude
754 548 844 598 Barth.

179 621 304 675 Serenae:
320 623 450 674 ‘famulas
467 630 574 675 exercet
585 623 647 672 tara
657 622 717 673 cho·
785 625 818 673 24
835 621 971 686 Quamne
981 620 1076 685 amicis]
1092 622 1126 674 Iu
1138 621 1281 688 qulbusior·

180 713 239 752 reas
248 699 266 753 :’
283 702 327 751 ubi
337 703 428 752 cboreis
438 703 506 752 mule
518 699 623 767 quidam
641 716 715 766 repo·
754 699 875 747 lunarum
886 713 978 761 magns
990 698 1085 761 portio.
1103 696 1182 749 inens.

180 783 254 828 aaut.
288 778 597 843 EidylliodePboenice:
617 777 716 828 ‘Celsa
786 776 817 821 2⁶
835 772 908 821 Herse
926 778 1043 822 tumenta
1065 773 1166 837 meast]
1192 772 1282 822 insanis

180 852 229 919 per
248 853 358 904 famulas
378 855 444 905 ecies
462 853 561 904 ditione
573 853 690 918 superbit
698 850 715 904 ς’
753 847 834 912 igitur
843 849 925 898 modis
936 850 1043 899 insaniit
1054 849 1134 898 isthic
1147 850 1282 913 peculator.

175 931 309 1067 puomodo
322 947 354 980 ex
370 931 473 994 scriptis
492 930 639 993 legendnm.
671 929 715 982 Sic
753 923 835 974 Patet
849 923 997 989 fugitivum,
1016 931 1062 975 ant
1077 925 1178 975 alicubi
1190 925 1282 974 latitan-

193 1009 384 1070 amabsgregeu
396 1004 716 1068 famslascaetas,famuiam
754 1005 807 1050 tem
835 1001 969 1065 scripsisse
995 1001 1144 1066 Epistulam
1173 1002 1282 1053 Claudia·

179 1077 297 1136 sobnam
309 1083 417 1132 Statius.
451 1083 548 1132 Noster
561 1081 667 1142 famulos
680 1098 716 1131 re·
754 1090 825 1126 num.

182 1168 235 1227 ges,
251 1155 376 1218 'samaim
399 1159 580 1221 Carthaginem,
599 1157 717 1218 semaluos
787 1155 902 1206 Truditur
923 1155 1004 1220 meai]
1026 1152 1167 1206 'l'rndendi
1185 1155 1281 1206 verbum

73 1227 76 1235 '
180 1233 609 1300 firoxesetiiprlaspeusttscmutas
621 1235 716 1298 Gangis
753 1233 885 1296 peculiare
896 1233 920 1283 ei
932 1233 979 1284 rei.
996 1233 1088 1283 Burtb.

180 1311 263 1374 ripas:
297 1312 426 1377 quomodo
454 1310 575 1370 sannaus
607 1311 716 1361 Manus
785 1315 818 1359 26
836 1310 1086 1375 Quoeiaesapericuta
1104 1310 1211 1375 resinat]
1225 1309 1282 1376 upt-

184 1385 262 1439 ovid.
273 1388 291 1438 1.
303 1403 323 1437 1.
332 1389 404 1438 Fast.
419 1389 427 1414 ‘
439 1387 596 1437 Tradiderat
606 1385 716 1436 famulas
753 1399 802 1435 nor
811 1386 915 1450 piacula
933 1388 968 1436 D.
977 1387 1071 1436 Heius.

176 1460 233 1526 jam
253 1463 302 1514 tibi
324 1465 428 1515 Rhenus
452 1462 559 1529 aquas:'
587 1463 624 1513 sic
646 1463 715 1512 euim
783 1466 815 1512 it
832 1464 984 1513 Praetereunt
994 1462 1188 1528 meectaferoe]
1204 1463 1281 1521 (lene-¹

182 1539 276 1603 scripti
298 1547 465 1605 constantem
489 1540 534 1590 ubi
556 1540 630 1605 plura
651 1540 715 1590 ‹lici-
753 1552 818 1588 rosae
839 1553 941 1604 nempe.
974 1536 1090 1588 Deorum
1109 1539 1282 1603 bominumque

180 1617 301 1665 musi).
314 1617 400 1667 Heius
750 1612 896 1663 inductioni
907 1614 1010 1679 subjicit
1020 1615 1159 1664 meliorum
1178 1612 1280 1667 serarum
1319 1642 1325 1705 p

214 1693 247 1740 18
272 1692 370 1741 Solutus
382 1690 453 1754 fata]
480 1691 576 1742 Mortis
595 1692 716 1742 solatiam
753 1689 911 1753 exemplum,
927 1697 957 1737 ut
973 1688 1072 1738 immite
1089 1689 1279 1751 pectusrelsic
1323 1712 1325 1733 ι

182 1766 354 1830 scriptoribus
373 1768 500 1830 ultimum,
516 1766 583 1831 qnod
596 1768 716 1818 morienti
752 1765 917 1828 persuadeat.
949 1762 1282 1827 Aitgenerosasetiunis·
1323 1771 1325 1775 '

182 1847 229 1891 aut
240 1849 341 1890 mortuo
353 1843 444 1907 aliquis
457 1842 629 1907 gratificatur.
650 1845 715 1894 Bar·
754 1857 795 1892 ras
807 1842 885 1891 animi
903 1841 1015 1892 victoria
1031 1847 1184 1905 contentas,
1196 1841 1282 1892 bostili-

181 1916 257 1969 tirius.
753 1919 800 1970 bus
809 1917 961 1984 corporibus
971 1916 1035 1968 nibil
1045 1916 1134 1968 damni
1143 1919 1216 1969 dare.
1231 1918 1281 1967 blu-

214 1999 246 2044 2⁰
261 1993 421 2045 Conditorltio
432 1995 530 2060 patria]
543 1994 718 2059 Alexandrus,
753 1997 836 2049 liebre
845 2004 885 2047 est
891 1996 980 2047 furere
987 1995 1013 2045 in
1022 1997 1078 2046 ira:
1095 1993 1211 2046 serarum
1220 2009 1280 2058 vero,

180 2070 514 2136 nudeoriundusuterque3
532 2071 716 2134 supplexPoii·
753 2088 802 2126 uec
830 2091 1011 2141 generosarum
1032 2075 1148 2141 quidem,
1169 2079 1280 2139 praemor-

181 2150 219 2211 ts,
231 2153 259 2199 et
270 2149 341 2198 ultor
355 2147 448 2198 nimius
466 2148 632 2198 Poiticsrum
651 2146 717 2213 iuju·
753 2148 817 2202 (lere
829 2158 856 2203 et
867 2168 961 2216 urgere
972 2153 1115 2218 projectos.
1140 2152 1230 2201 Batti.

182 2222 290 2285 riarum,
301 2223 441 2273 Adrianus.
458 2223 531 2274 illem.
786 2231 819 2278 28
836 2224 937 2278 Emollit
947 2228 1036 2278 rabiem
1045 2227 1147 2292 proeaoe]
1174 2228 1214 2277 Ex
1230 2226 1279 2276 cis·

213 2303 246 2350 21
268 2301 348 2349 Virtus
358 2305 400 2365 tau
415 2299 490 2362 digua
507 2300 583 2364 sequi]
608 2299 716 2351 Ultioue
754 2303 860 2353 veriano
884 2304 975 2355 codiee
995 2297 1052 2353 baec
1074 2302 1280 2367 transposuimus,

180 2374 431 2441 Diisrelinquends.
464 2377 508 2427 lta
526 2377 595 2426 enim
613 2392 716 2441 magua·
754 2379 797 2429 cui
815 2386 843 2430 et
860 2381 982 2430 Bartbius
1002 2379 1144 2431 subscribit
1163 2379 1232 2431 curis
1247 2391 1280 2428 se·

181 2450 243 2501 trimi
254 2452 386 2515 principes
398 2452 560 2515 castigabant
571 2453 672 2514 noxios,
683 2467 716 2503 nc
755 2456 856 2507 caudis.
872 2457 908 2509 D.
920 2454 1007 2507 Heius.

181 2528 307 2590 sanguine
324 2527 439 2589 poeuisve
457 2541 545 2576 eorum
562 2529 633 2592 pasci
645 2529 717 2578 vide·
786 2537 820 2582 29
837 2536 898 2590 Qua
907 2534 1020 2583 strauisse
1029 2533 1121 2598 adest]
1143 2528 1280 2586 Primva·

181 2607 282 2664 rentur,
294 2603 339 2651 sed
360 2602 453 2650 leniter
470 2603 618 2664 punitorum
637 2604 717 2656 delic-
754 2608 801 2658 tic.
819 2615 847 2658 et
864 2615 975 2674 quatuor
993 2609 1036 2658 clii
1052 2610 1144 2667 cubate
1162 2607 1281 2675 quomodo

182 2681 268 2726 torum
296 2675 420 2725 ultionem
448 2676 496 2725 diis
524 2678 716 2731 rescribebant.
755 2684 821 2734 etin
840 2684 962 2733 Palatino
979 2684 1071 2734 codice
1092 2685 1156 2750 legi,
1174 2683 1282 2735 testisiu

183 2748 260 2802 idem.
754 2758 917 2815 Adversariis
927 2759 1057 2810 Barthius.
1081 2760 1194 2824 Nuptiis
1205 2758 1284 2810 liono-

205 2831 246 2877 *it
259 2827 392 2892 nestun]
409 2829 523 2880 Occulta
540 2836 568 2881 et
584 2829 718 2896 ingeniosa
755 2834 803 2884 rii:
821 2833 912 2884 ‘celet
923 2833 1014 2884 obrius
1025 2835 1062 2885 ire
1071 2835 1133 2886 iarn
1145 2832 1283 2900 Paneepr:

180 2900 216 2957 aa
227 2900 366 2956 ueritatem
378 2907 537 2971 provocatio.
754 2911 854 2961 Statius
876 2910 1021 2961 Thebaidos
1043 2917 1159 2976 quarto:
1180 2911 1284 2971 ‘Aratu

216 2982 361 3046 Pascutqae]
387 2983 461 3046 Meli,
480 2981 575 3047 inquit,
592 2983 717 3034 uindices·
755 2985 931 3035 tubssaudire
946 2987 1043 3047 calens,
1059 2992 1088 3036 et
1105 2988 1216 3052 pulvere
1228 2985 1283 3038 belli

182 3073 233 3123 que
246 3060 397 3120 Daemones,
415 3059 438 3106 si
456 3058 548 3120 merui,
565 3060 718 3110 excrucient
755 3061 906 3110 Florentem
914 3061 1018 3111 sordere
1025 3063 1146 3114 comam.'
1162 3065 1209 3116 Sic
1216 3067 1285 3123 sciet,

182 3146 225 3184 roe
236 3150 244 3194 ;
262 3140 290 3183 tu
301 3133 378 3183 modo
388 3146 491 3182 manum
502 3134 641 3186 abstineto.
654 3136 718 3186 Bar·
747 3137 853 3201 flagra,
865 3144 959 3202 annot,
967 3143 995 3188 et
1005 3139 1100 3189 similia
1111 3142 1212 3205 passim
1223 3139 1284 3206 apud

184 3207 257 3256 titius.
754 3220 886 3274 nostrnm;
916 3215 949 3264 ile
972 3214 1064 3279 quibus
1092 3216 1166 3268 alibi.
1211 3217 1285 3268 Paulo

216 3288 249 3334 23
268 3284 357 3335 Gratia
365 3283 477 3347 acjluxit]
494 3284 585 3358 Malim
595 3287 717 3352 digilunt:
754 3293 815 3353 post
827 3291 906 3339 muers
915 3296 1044 3352 prestrata,
1054 3305 1108 3340 uon
1119 3306 1147 3341 en
1158 3308 1218 3344 mon
1233 3291 1285 3343 libri

182 3364 214 3411 at
233 3360 304 3424 apud
324 3359 469 3409 Ennodium
485 3361 562 3424 Epig.
581 3366 636 3414 118.
662 3364 717 3414 ‘In
754 3365 874 3414 meliores
884 3366 982 3428 praeter
990 3367 1162 3430 primvstic.
1172 3369 1285 3419 etPclst.

181 3438 284 3488 tautum
295 3436 374 3501 prisci
384 3435 495 3485 diffluxit
503 3434 573 3485 fama
583 3438 717 3489 Maronis?
755 3447 783 3491 et
795 3441 877 3490 Oisei.
895 3442 971 3492 laem.

182 3515 236 3566 ‘In
248 3528 326 3578 rugas
337 3520 407 3564 totns
419 3511 530 3562 diffluxit
546 3513 635 3563 suiles'
650 3515 717 3567 libro
789 3518 849 3574 Qun
866 3518 978 3566 stravisse
996 3516 1083 3581 eoleut]
1108 3518 1213 3571 Feruor
1224 3520 1285 3572 euin

183 3591 267 3653 primo
289 3592 316 3640 in
340 3589 512 3654 Eutropium:
540 3591 668 3654 quomodo
689 3599 717 3642 et
754 3593 843 3657 ingens
863 3599 955 3642 contra
975 3601 1161 3659 repugnantes,
1182 3597 1285 3648 subsidit

181 3664 236 3723 illic
247 3665 422 3715 scribendum.
440 3666 477 3713 D.
486 3665 572 3715 Heius.
753 3668 780 3718 in
792 3669 918 3720 subditos.
936 3670 1026 3719 Bartb.

217 3743 309 3793 Gratia
324 3740 438 3807 iejluuit]
465 3743 534 3791 Dum
554 3743 602 3792 tibi
623 3742 716 3795 fuimus
786 3751 818 3796 30
836 3746 933 3795 Gaudet
952 3745 1148 3806 cerasiacense·
1167 3748 1286 3798 Nobiliori

182 3819 296 3884 accepti,
316 3817 384 3883 grati
404 3817 499 3867 fuimns
518 3819 643 3872 omnibus.
676 3821 716 3871 Te
747 3820 840 3884 janes]
857 3822 943 3871 Itsex
955 3835 1046 3870 novem
1057 3821 1131 3871 libris
1144 3823 1283 3887 legencium.

182 3898 334 3953 aduersario
346 3913 422 3949 nemo
434 3911 480 3948 uos
491 3913 542 3948 non
554 3901 717 3966 prosequitur
752 3895 850 3946 Statius
865 3898 892 3946 iu
909 3897 986 3946 simili
1002 3899 1199 3960 comparatione
1209 3901 1284 3951 ibet.

182 3967 251 4025 odio,
284 3977 416 4027 Damnare
428 3989 524 4038 omnes,
536 3976 717 4042 quiPrincipi·
753 3984 785 4022 11.
809 3971 876 4021 ‘ubi
894 3973 1016 4043 sanguine
1037 3972 1121 4021 multo
1143 3974 1283 4025 Luxuriatl

182 4048 233 4102 bus
245 4050 307 4101 viris
316 4051 372 4115 jum
382 4066 433 4101 non
445 4052 480 4101 sit
491 4058 625 4116 acceptus,
635 4048 717 4102 intini-
752 4044 834 4096 fimes
844 4045 861 4095 τ’
879 4053 907 4095 el
915 4047 934 4095 1·
943 4061 995 4096 Vll·
1010 4048 1018 4075 ‘
1029 4047 1135 4111 Quippe
1145 4049 1213 4100 nibil
1221 4063 1282 4114 gm-

178 4130 213 4176 »τα
223 4138 298 4189 seges
307 4129 482 4189 exemplorum
495 4128 581 4177 docet.
752 4129 809 4172 sate
820 4120 920 4183 fames‚’
931 4121 965 4171 de
977 4121 1096 4186 tigribus.
1116 4123 1153 4174 D.
1164 4125 1254 4175 Heius.

217 4200 334 4266 mmo]
349 4200 666 4273 Omnibusrelntsacrum
676 4202 719 4256 fn-
784 4202 815 4248 ⁸1
836 4196 1057 4267 Nvit'limsms]
1077 4197 1165 4252 Quem
1182 4207 1214 4252 ¹¹1
1233 4211 1282 4265 μ’·
