2662 4696
180 301 268 371 1726
333 318 442 368 noras
462 317 664 370 vsaronuu
688 319 727 368 sn
754 319 818 368 cns
836 315 978 370 onsuo.
1003 321 1132 372 nxxu.

664 652 808 737 nxxr.

345 851 409 936 21.δ
438 866 490 932 De
505 865 591 932 Zona
606 866 647 931 ab
661 866 766 931 cadem
780 866 871 930 misso
887 864 1025 931 Arcadio
1040 865 1131 954 Aug.

215 1051 531 1116 inanimatorum]
556 1051 712 1101 Novumlnc
752 1064 818 1099 mur
851 1047 989 1099 Acaeteris
1005 1047 1223 1102 llbrisabestlroc
1237 1049 1281 1113 epl-
1321 1046 1323 1087 !

181 1129 441 1194 epigrammaincipit
458 1127 571 1192 inprim.
585 1128 712 1177 Vaticano
754 1139 876 1189 masma.
902 1125 948 1175 Vs.
958 1128 983 1175 2.
994 1124 1118 1188 proligot
1126 1125 1214 1177 Vatis
1224 1127 1323 1190 ligsl

182 1206 273 1256 etlsd.
285 1204 428 1254 Parmensi.
449 1204 511 1253 Vst.
521 1202 714 1266 additinscrip·
754 1201 787 1252 D.
799 1201 891 1251 Heius.

182 1281 293 1330 tionem:
312 1281 377 1330 ldem
391 1282 420 1329 sle
438 1278 616 1329 zonomimol
633 1280 715 1328 endon
787 1238 1323 1340 snemnoofmsn]clarev1duac

94 1401 99 1409 .
181 1356 286 1406 Arcadio
301 1357 423 1420 Amano.
441 1355 511 1422 quod
530 1362 558 1405 et
573 1355 715 1420 nosseqoi·
756 1352 1121 1418 Arcadiumhacpertinerc.
1139 1355 1229 1404 Barlt.

653 1651 820 1717 LXXII.

476 1868 529 1932 22.
568 1864 620 1929 De
639 1864 811 1954 Chlumydc
826 1876 858 1930 et
872 1865 1000 1932 Frenis.
1321 1916 1323 1960 l

213 2049 311 2100 Varro.
327 2049 616 2115 primunDeclrlomyrlc
630 2055 654 2101 ct
662 2051 715 2112 fre·
756 2049 1183 2115 Promittoquatuorlibrinsnoio.
1199 2052 1273 2103 Patar.
1320 2003 1323 2048 ἱ

181 2127 234 2178 sis:
251 2127 349 2191 primus
368 2125 440 2178 Med.
457 2127 497 2178 De
515 2126 644 2193 chlamyde.
678 2130 714 2179 D.
755 2127 848 2177 isonia:
865 2125 1057 2176 fortes’nermio.
1076 2128 1112 2178 D.
1126 2128 1218 2179 Heius.
1320 2139 1323 2189 l

179 2203 274 2255 Heins-
788 2208 820 2253 10
838 2201 971 2265 ΟΜΜ]
995 2200 1084 2253 Infert
1101 2210 1220 2254 veterum
1235 2217 1274 2253 nc·

212 2278 340 2329 Vitiosum
359 2279 464 2329 titulum
480 2279 606 2330 indicavit
623 2280 715 2330 Clave-
755 2275 894 2342 rem‚odeo
905 2279 1005 2342 magnis
1016 2278 1128 2328 molibus
1135 2292 1274 2344 gemmeum

179 2355 243 2418 rius,
255 2370 314 2404 cum
324 2355 358 2404 de
369 2355 503 2418 chlamyde
514 2356 569 2405 sola
579 2370 715 2418 argumen-
754 2355 911 2405 vestimento
931 2354 1035 2418 operire
1051 2355 1201 2419 solitorum,
1217 2361 1242 2404 ut
1256 2367 1275 2400 o·

180 2437 235 2481 tum
254 2432 351 2480 lrabeat
369 2431 546 2495 Epigramma.
579 2431 714 2481 Commen·
755 2429 818 2480 tiam
830 2431 903 2480 oneri
914 2435 1001 2480 essent
1013 2432 1187 2494 gestantibus.
1203 2430 1275 2482 Brulla

179 2507 227 2557 (lat
238 2514 325 2557 sutem
335 2508 432 2561 donum
448 2506 565 2568 Serenae,
577 2521 628 2570 quo
639 2522 714 2556 orna·
788 2506 909 2557 Onmbal
919 2507 1122 2569 scdnlcgcmmia]
1139 2508 1184 2558 Sic
1193 2509 1275 2558 Lucen-

179 2588 220 2631 rat
236 2580 392 2644 Honorium,
408 2589 438 2631 ut
451 2597 502 2631 non
513 2582 596 2630 minus
609 2597 714 2646 quamn
754 2582 787 2632 sis
798 2598 856 2633 cnm
865 2583 948 2648 primo
957 2583 1101 2633 Vaticano:
1119 2585 1166 2634 alii
1175 2583 1276 2635 sereon-

178 2656 321 2707 Stilichoue
333 2659 432 2708 exuviis
452 2657 588 2706 hostilibus
603 2657 712 2708 bellicus
753 2673 798 2708 nes
810 2659 922 2717 σκώψ
943 2659 1012 2724 quod
1023 2660 1109 2709 minus
1120 2661 1220 2724 placet,
1229 2659 1276 2726 quis

179 2732 236 2795 rjus
254 2735 339 2784 cultus
357 2734 492 2797 polluetur,
509 2747 574 2781 uxor
594 2733 712 2795 ejusdem
752 2739 889 2784 ornamento
900 2740 1098 2798 praecesserant.
1115 2736 1152 2785 D.
1165 2737 1246 2786 fletu.

179 2807 315 2871 pacificum
325 2810 430 2871 Hercle,
438 2807 574 2873 pacificum
583 2808 712 2871 Principis
785 2814 816 2858 12
836 2810 973 2874 Oiseqaiis:
992 2825 1055 2858 socer
1067 2825 1097 2859 cn
1115 2811 1230 2876 Stilicho]
1243 2809 1276 2861 Sc·

177 2883 294 2934 hobitum
308 2884 427 2934 excolere
447 2898 548 2948 aequum
566 2883 713 2946 bonumque
752 2887 800 2935 ceri
812 2885 914 2935 Stilicho
925 2893 1027 2936 veteres
1038 2885 1096 2936 fere
1107 2902 1206 2939 omnes.
1232 2885 1278 2937 llis·

176 2961 294 3014 'duxerit
311 2962 400 3011 Bortls.
753 2959 843 3022 tingue
859 2961 973 3026 obsequiis
990 2963 1071 3012 soceri.
1106 2954 1277 3014 Socemsvocst

210 3041 224 3087 1
253 3038 308 3086 Non
325 3035 426 3100 sensum]
449 3033 621 3083 Remissiores
637 3047 712 3083 cusos
752 3033 919 3085 Stilichonem
938 3044 966 3085 et
982 3039 1123 3088 Serenam:
1149 3040 1189 3090 sic
1209 3039 1277 3104 Epist.

136 3106 144 3121 '
177 3112 298 3173 exemplo
307 3113 424 3160 Deorum
436 3110 543 3159 inducto
553 3110 655 3172 probat.
669 3109 714 3158 lta
754 3109 787 3160 od
806 3110 938 3175 Serenam,
955 3111 1084 3179 ‘lnflcnit
1103 3115 1226 3179 soceros,'
1240 3124 1277 3178 pm

179 3186 378 3234 solentPoetae.
753 3187 905 3251 parentibus
928 3203 1040 3250 sponsae.
1083 3191 1186 3241 Statius
1209 3187 1276 3241 mel.

221 3261 376 3308 Messeniam
400 3260 521 3324 gentibus]
553 3258 714 3325 Barbaricis,
751 3276 814 3314 vsu.
827 3263 968 3315 ‘Quamvis
978 3265 1069 3314 Cirrha
1078 3265 1181 3331 (lomus,
1189 3275 1276 3316 soceros
1321 3256 1323 3281 ⁵

177 3350 241 3400 quas
259 3336 331 3384 circa
350 3335 427 3383 lliunr
439 3334 563 3398 plurimas
581 3334 713 3398 subegisse
751 3355 801 3390 nec
821 3340 940 3391 tristibus
959 3341 1024 3390 actis
1044 3340 1194 3394 Aversatus
1215 3335 1277 3394 erat?

176 3409 307 3462 Achillem
316 3409 711 3474 Homerusalilquememorant.
751 3415 783 3464 Id
796 3422 846 3479 est,
858 3416 984 3480 OEdipum
1000 3421 1027 3466 et
1045 3417 1193 3472 Jooastam‚
1223 3417 1277 3468 Tne·

176 3489 266 3540 Borllr.
750 3491 819 3541 bnid.
841 3505 892 3540 x11.
909 3491 982 3542 ‘nec
998 3492 1077 3541 surda
1093 3491 1160 3546 ferse
1179 3490 1278 3560 pulsabi-

208 3561 710 3627 sArcocnsnranet]Vulcanusipse
751 3580 807 3615 mus
825 3566 897 3615 urbis
918 3566 1029 3630 Limina,
1050 3575 1114 3620 sunt
1132 3571 1190 3622 illic
1207 3567 1277 3623 soceri

175 3640 252 3705 ignis.
295 3641 369 3689 Idem
388 3647 477 3690 autem
498 3654 592 3689 numen
611 3647 638 3688 et
657 3640 711 3703 igni
750 3641 821 3705 mihi,
833 3649 943 3707 suntque
955 3645 1217 3711 sororesConjugia’.
1228 3648 1278 3697 Bal·

174 3721 204 3766 et
223 3715 292 3765 ferro
315 3732 330 3764 a
352 3715 484 3766 veteribus
505 3715 709 3779 praeficiebatur.
751 3717 805 3766 thio
817 3718 900 3768 codex
912 3719 1049 3770 Palatinus
1059 3721 1103 3770 hic
1114 3721 1247 3787 imposuit,
1254 3724 1278 3769 nt

175 3793 252 3844 fam,
750 3794 970 3845 mendosissimum
1004 3795 1149 3847 lectionem
1178 3799 1279 3863 amplec-

206 3875 223 3921 4
249 3871 349 3920 Galeam
360 3869 463 3929 factoro
479 3869 619 3933 consumam]
636 3871 709 3920 Froc·
749 3875 857 3922 teretur.
880 3871 958 3936 Apud
971 3873 1126 3922 Maronem:
1141 3874 1150 3901 ‘
1163 3875 1224 3926 Qua
1233 3883 1277 3924 sest

173 3956 229 3998 turn
240 3955 293 3997 tres
313 3948 497 3998 Florentiniet
509 3950 601 3998 tertios
621 3949 708 4000 Vatic.
749 3945 782 3996 sd
802 3961 906 3996 soceros
926 3946 996 3996 ferre
1015 3948 1169 3999 incomitata
1187 3949 1277 4001 solelrt

175 4031 203 4071 et
214 4037 276 4071 sane
287 4023 374 4072 Thetis
392 4025 491 4087 galeam
510 4038 560 4072 non
578 4023 708 4086 fecit,sed
748 4021 932 4073 Andromache
943 4022 960 4072 ι’
986 4025 1017 4072 orl
1036 4038 1137 4086 soceros,
1156 4025 1192 4074 acl
1215 4023 1276 4076 Pria·

173 4100 321 4148 Vulcanus:
346 4097 413 4148 forte
434 4105 534 4163 pactum
554 4100 708 4161 legendum
747 4107 856 4150 mumet
868 4101 1015 4151 Hecubam.
1054 4101 1159 4152 Seneca
1172 4102 1275 4153 Medea:

174 4173 311 4238 praecessit
321 4180 407 4226 tamen
416 4175 708 4242 ctclypeumfobu'colot.
747 4175 756 4206 ‘
767 4177 846 4228 Nunc
858 4176 968 4244 primum
979 4177 1075 4229 soceris
1083 4183 1186 4244 sponte
1202 4179 1275 4238 voltis·
