2662 4696
182 314 269 381 1768
506 320 700 372 ascensos
726 319 942 370 nnrrronun

220 474 264 534 tio
286 470 382 540 alteri,
404 465 682 545 (rodenmannum
705 465 745 527 ad
772 463 983 525 emendationis
1006 464 1173 542 ἀκρίβειαν,
1197 464 1274 527 etiam

221 567 404 648 praeferenda
418 564 489 624 mihi
505 563 680 622 videbatur!

181 663 358 723 -Amstel
378 683 413 720 ex
437 660 553 720 emend.
570 659 621 719 vir.
635 659 717 719 doct.
733 667 784 721 at.
820 656 1083 718 luSelrwarziana‘.
1099 658 1174 718 bibl.
1190 612 1275 720 Catal.

222 760 256 821 P.
273 777 297 818 ι.
312 779 341 820 ιι.
356 766 445 828 8849.
460 765 655 826 memoratur;
678 773 746 832 quar
760 754 1006 832 Rapheleugrauae
1018 755 1159 832 repetitio
1174 754 1276 815 videtur

221 855 324 915 formae
338 853 466 913 minoris.

185 950 262 1013 1653
278 949 400 1009 Mediol.
425 947 472 1009 16.
497 945 672 1023 optimorum
691 943 828 1005 codicum
853 943 913 1004 fide
934 947 1077 1018 restituta,
1093 966 1144 1026 ap.
1157 948 1207 1007 Jo.
1222 949 1276 1008 Pet.

222 1046 364 1107 Cardum.

185 1141 262 1212 1659
277 1141 401 1200 Amstel.
419 1149 445 1200 8.
462 1159 489 1198 o.
504 1159 534 1198 n.
549 1159 609 1198 var.
624 1157 687 1217 per.
701 1138 738 1197 C.
751 1137 961 1210 Sehrevelium,
977 1159 1024 1217 ap
1040 1139 1145 1201 Elzev.

184 1238 261 1298 1665
274 1237 399 1300 Amstel.
416 1246 443 1297 8.
455 1256 483 1295 c.
498 1256 527 1296 n.
541 1237 685 1295 variorum
700 1246 857 1295 accusante
866 1237 953 1295 Corn.
966 1237 1150 1308 Schrevelio,
1163 1257 1200 1298 ex
1211 1237 1277 1297 offic.

221 1335 348 1393 Elzevir.
389 1333 477 1391 Nova
500 1332 643 1392 doetrinae
666 1351 727 1390 suae
750 1331 937 1401 incrementa,
957 1340 989 1390 et
1012 1332 1118 1391 decem
1143 1352 1276 1392 novorum

221 1430 361 1490 eodioum
385 1428 513 1486 subsidia
536 1448 602 1486 cum
628 1426 766 1487 Heinsius
791 1427 929 1498 attulerit,
952 1437 1094 1506 quantum
1110 1449 1147 1487 ea
1163 1449 1208 1488 res
1223 1446 1278 1507 pro

221 1525 308 1586 fuerit
323 1525 500 1595 Claudiano,
515 1525 602 1584 facile
615 1535 659 1583 est
680 1524 717 1583 ad
739 1523 968 1599 intelligendum.
1003 1525 1130 1584 Videtur
1144 1546 1205 1584 non
1219 1525 1277 1584 satis

220 1621 324 1681 fecisse
340 1620 461 1679 Heinsio
474 1619 626 1696 diligentia
641 1621 716 1696 ejus,
730 1619 781 1699 qui
795 1620 874 1698 typis
889 1620 1015 1697 praet'uit,
1030 1621 1092 1680 sive
1103 1623 1128 1679 is
1143 1623 1278 1682 Sohreve·

222 1718 278 1776 lius
292 1717 359 1786 fuit,
383 1717 434 1792 qui
460 1716 623 1786 Variorum,
646 1715 758 1773 Barthii
782 1715 933 1794 praecipue
957 1726 1041 1775 notas
1064 1717 1206 1788 attexuit,
1227 1717 1277 1775 sive

222 1814 305 1872 alins.
341 1805 537 1871 Scribit'enim
552 1812 590 1870 ad
606 1812 791 1871 Gronovium
814 1813 871 1871 To.
894 1819 923 1872 3.
944 1812 1076 1891 Sylloges
1102 1815 1204 1874 Burm.
1219 1832 1277 1890 pag.

224 1916 293 1969 514.
316 1915 325 1941 ‘
342 1908 455 1966 lnvitus
470 1908 670 1985 deprehendo,
686 1910 804 1973 mendas
819 1909 988 1985 complures
1003 1908 1072 1967 lruio
1095 1911 1179 1986 operi
1200 1910 1279 1986 irrep

224 2005 315 2064 sisse!
334 2005 420 2065 Circa
434 2005 673 2082 orthographiam
685 2006 771 2065 etiam
786 2005 961 2083 saepiuscule
972 2002 1136 2062 discessum
1152 2005 1192 2063 ab
1201 2005 1279 2066 Hein-
1318 2051 1321 2070 .

222 2103 301 2160 sinna
315 2106 429 2161 ratione
441 2100 531 2160 cuivis
545 2100 643 2160 videre
656 2100 853 2161 lieet-Haec
868 2098 939 2159 edit.
953 2118 971 2157 a
984 2101 1061 2157 notis
1076 2109 1211 2174 praestat,
1221 2119 1278 2176 quae

223 2199 314 2258 altera
327 2197 387 2256 sere
400 2206 484 2274 parte
497 2196 644 2255 auctiores
658 2204 736 2256 sunt.
778 2195 950 2254 observavit
963 2204 1061 2253 tamen
1077 2197 1242 2265 Gesnerus,
1254 2196 1278 2252 in

203 2359 205 2365 ,
221 2294 304 2354 libris
317 2294 355 2352 de
370 2296 469 2371 Raptn
486 2294 568 2352 Pros.
584 2293 725 2353 remisisse
739 2291 920 2369 aliquantum
936 2290 1052 2361 summi,
1071 2290 1144 2352 dum
1166 2291 1277 2358 viveret,

223 2391 275 2450 viri
290 2390 481 2468 diligentiam.

186 2485 262 2547 1668
278 2485 482 2544 Schreveliana
498 2502 553 2543 111.
569 2485 692 2543 Anrstel.
707 2492 734 2544 8.
749 2503 776 2542 0.
791 2503 821 2544 0.
837 2483 950 2542 Varior.

185 2580 262 2648 1675
278 2580 395 2656 Lipsiae.
412 2589 440 2640 8.
456 2580 613 2658 Panegyris
629 2580 658 2638 in
669 2580 788 2639 tertium
799 2581 995 2639 Consulatum
1010 2580 1137 2639 Honorii
1147 2576 1276 2657 Augusti,

223 2695 250 2733 c.
264 2695 294 2734 ιι.
309 2675 429 2734 Vorstii.

185 2768 262 2841 1677
277 2768 369 2827 Paris.
384 2777 414 2828 4.
429 2769 476 2828 Cl.
492 2769 646 2828 Claudiani
667 2788 768 2844 opera,
794 2789 863 2846 quae
877 2781 986 2842 extant,
1001 2769 1243 2849 interpretatione
1255 2772 1278 2822 et

222 2865 459 2925 annotationibus
487 2866 640 2924 illustravit
667 2867 750 2926 Guil.
778 2868 899 2946 Pyrrho.
931 2871 1020 2928 Jussu
1047 2861 1276 2927 Christianissimi

221 2962 318 3038 Regis,
333 2962 362 3020 in
378 2982 461 3021 usum
476 2963 576 3021 Seren.
592 2960 743 3038 Delphini.
757 2961 885 3022 Parisiis.
896 2963 975 3023 Frid.
988 2963 1135 3021 Leonard.

183 3091 223 3101 -
238 3059 360 3118 Amstel.
378 3068 424 3119 12.
439 3079 473 3116 ex
488 3058 690 3117 emendatione
705 3057 772 3118 Nic.
788 3057 911 3130 Heinsii,
924 3078 973 3136 ap.
989 3059 1068 3116 Dan.
1079 3057 1207 3116 Elzevir.

186 3150 263 3220 1678
276 3153 408 3216 Francos.
426 3163 453 3212 8.

186 3247 264 3311 1684
278 3248 401 3308 Mediol.
415 3249 465 3307 sol.
488 3250 520 3306 ln
532 3250 576 3308 Cl.
591 3250 746 3308 Claudiani
760 3250 849 3310 libros
864 3250 901 3310 de
915 3259 1001 3328 raptu
1014 3249 1199 3327 Proserpinae
1208 3263 1276 3306 eon·

223 3345 364 3403 mentatio
378 3345 446 3404 Nic.
462 3345 549 3414 Biffii,
564 3344 668 3404 addita
682 3355 780 3408 textus
794 3348 823 3406 iu
839 3348 959 3408 Italicos
973 3367 1072 3406 versus
1087 3343 1275 3409 translatione,

203 3506 206 3515 Ι
224 3463 261 3501 ex
276 3453 393 3522 typogr.
406 3443 482 3512 Lud.
500 3442 634 3504 Montiae.

186 3535 262 3602 1688
280 3539 402 3597 Amstel.
420 3548 467 3602 12.
482 3560 518 3596 ex
533 3537 737 3596 emendatione
752 3538 875 3599 Heinsii.

187 3629 262 3700 1691
280 3633 417 3698 Lubecae.
434 3642 460 3692 8.
478 3633 610 3701 Claverii,
632 3633 800 3710 Dempsteri
815 3645 847 3694 et
861 3636 973 3695 Barthii
988 3635 1119 3713 scriptis,
1134 3631 1278 3694 maximam
1315 3694 1318 3702 ¹

225 3747 295 3785 vero
311 3740 422 3804 partem
438 3731 513 3787 notis
528 3731 604 3788 Dan.
619 3730 799 3802 Hartnaceii‚
809 3732 963 3792 illustrata.

168 3848 172 3852 ’
185 3831 261 3893 1701
279 3825 419 3884 Lubecae.
438 3836 484 3886 12.
498 3847 547 3905 ap.
562 3830 578 3886 J
583 3848 609 3884 o.
625 3828 888 3908 Wiedemeyerum.
915 3828 1068 3907 Repetitio
1082 3821 1278 3904 praecedentis.

144 3927 146 3929 ’
187 3928 263 3990 1705
280 3923 359 3982 Diss.
372 3923 469 3982 Acad.
493 3924 531 3982 ad
552 3924 660 4000 Paneg.
676 3924 831 3984 Claudiani
846 3927 874 3984 in
891 3944 939 3985 ιν.
953 3925 1075 3985 Honorii
1097 3925 1190 3984 Cous.
1216 3939 1280 4000 pra·

224 4015 287 4083 eide
300 4018 348 4085 lo.
363 4019 451 4098 Casp.
468 4019 599 4093 Khunio,
615 4017 681 4084 hist.
695 4028 725 4080 et
737 4020 817 4098 eloq-
840 4023 874 4087 Ρ.
894 4023 928 4082 Ρ.
944 4042 1021 4109 resp.
1038 4023 1087 4088 Jo.
1113 4021 1220 4092 Striua,
1233 4023 1280 4079 Ar·
