2662 4696
511 323 569 376 ou.
592 322 817 410 cananiam.
1127 308 1208 373 1751

152 471 296 548 Lignano.
337 462 471 545 Epistola
494 465 673 526 dedicatoria
695 465 766 525 data
776 473 823 525 est
837 464 874 524 ad
898 462 1106 543 amplissimum
1119 465 1214 524 virum

150 563 306 628 Jafredum
335 562 485 633 carolum,
523 562 642 622 humaui
668 561 819 638 divinique
848 562 926 638 juris
954 559 1235 632 consultissimum,'

152 659 352 738 Delphiuntus
376 656 543 736 praesidem,
569 658 801 734 sanctissimique
824 659 950 717 Senatus
963 657 1120 716 Insubrum
1136 656 1216 736 prin·

153 756 457 836 cipem—Mediolani
472 754 566 832 pridie
581 755 664 815 eidus
678 755 861 815 Decembris.

110 856 325 932 Suhjungimus
340 854 408 913 huic
419 853 498 912 aetati
513 852 586 912 duas
601 853 737 913 carminis
752 852 789 911 de
803 852 839 911 R.
855 851 937 911 Pros.
953 851 1021 911 edd.
1036 870 1059 910 s.
1073 869 1101 910 a.
1115 849 1217 911 Nicla·

142 951 201 1010 'sio
214 961 407 1010 memoratas:

111 1069 137 1105 s.
153 1067 183 1106 a.
198 1047 314 1126 Lipsiae,
330 1058 359 1107 4.
376 1047 422 1108 cl.
437 1047 613 1125 opusculum
626 1045 664 1105 de
677 1054 765 1125 raptu
778 1046 862 1106 Pros.
878 1046 964 1124 quale
979 1044 1135 1112 iuvenitur,
1149 1061 1217 1101 nam

154 1143 292 1202 ultimum
313 1144 449 1202 volumen
470 1143 549 1221 apud
569 1162 624 1202 nos
637 1161 694 1201 non
709 1152 800 1205 extat.
813 1142 881 1204 Vid.
895 1144 942 1203 Jo.
958 1143 998 1202 H.
1013 1139 1164 1201 Leichium
1179 1138 1216 1199 de

152 1240 229 1318 orig.
244 1249 274 1298 et
288 1241 407 1299 increm.
420 1249 536 1317 typogr.
553 1238 723 1316 Lipsiensis.
1160 1243 1162 1247 ’

112 1357 136 1397 s.
149 1353 179 1393 a.
194 1344 225 1394 et
238 1337 258 1394 Ι.
270 1320 325 1396 sol.
351 1335 507 1414 Claudiani
529 1335 622 1395 Siculi
646 1335 699 1394 viri
720 1333 848 1411 inprimis
870 1333 1043 1404 doctissimi,
1074 1332 1113 1392 de
1126 1340 1214 1410 raptu

153 1433 239 1492 Pron.
254 1432 422 1510 Tragoedia
432 1432 499 1491 duae
510 1433 648 1491 heroicae.
673 1430 720 1490 De
734 1431 821 1508 cujus
834 1431 901 1489 libri
916 1431 1087 1490 charactere
1096 1428 1219 1487 Maitta·

153 1528 200 1585 rio
214 1532 289 1590 Anu.
303 1537 366 1606 typ.
380 1528 419 1586 T.
436 1544 460 1586 1.
476 1547 507 1605 p.
523 1535 594 1595 753.
609 1525 801 1604 conjiciente,
824 1525 1022 1584 characterem
1044 1522 1166 1583 loannis
1180 1521 1218 1580 de

155 1624 346 1700 Westphaleu
378 1623 569 1702 (typographi
601 1621 735 1682 Alostaui
762 1622 793 1680 iu
824 1620 971 1691 Flaudria)
999 1620 1090 1679 ferme
1118 1616 1217 1679 relhrt.

155 1710 301 1787 Quamvis
315 1728 414 1778 autem
430 1729 487 1778 tres
501 1718 569 1777 libri
583 1718 620 1776 de
635 1719 672 1778 R.
682 1718 717 1778 P.
733 1717 762 1775 in
778 1717 850 1776 duas
863 1715 1033 1795 tragoedias,
1048 1722 1219 1800 constantes

145 1815 252 1873 >trihus
276 1815 394 1874 actibus
419 1815 547 1892 singulas
561 1812 719 1873 artificiose
744 1812 894 1873 distributi
918 1814 986 1884 sint,
1008 1818 1105 1891 poetae
1119 1822 1217 1870 tamen

156 1909 245 1969 verba
259 1909 371 1990 integra
385 1919 539 1969 servantur
552 1909 687 1988 ordoque
699 1907 867 1969 inviolatus.

426 2221 432 2231 .
470 2137 583 2217 muas
605 2159 644 2218 11.
662 2165 871 2226 1510-1571.

118 2321 144 2376 Α
161 2320 178 2379 J
182 2338 210 2378 ο.
227 2318 362 2376 Canrerte
377 2316 505 2386 ordiens,
518 2334 572 2394 per
589 2315 606 2374 J
610 2313 740 2374 uutiuanr
753 2336 776 2373 s.
790 2313 854 2390 ejus
865 2322 1028 2373 curatorem
1037 2315 1103 2373 Ant.
1117 2314 1221 2375 Frauc.

159 2413 378 2482 Varchieusem,
400 2422 431 2471 et
443 2411 588 2480 Aldiuum,
604 2410 650 2468 cui
664 2409 783 2489 praefuit
798 2411 819 2468 F
821 2428 902 2468 rane.
918 2409 1075 2477 Asulanus,
1100 2419 1220 2479 ornata;

158 2517 268 2586 praeter
281 2529 355 2586 qnos
372 2506 728 2585 Micl.1singriniuseum
744 2507 838 2566 Mich.
854 2505 980 2566 Bentino
990 2513 1019 2562 et
1029 2506 1076 2565 Jo.
1087 2505 1222 2566 Hontero

159 2605 314 2663 Basileensi
332 2622 354 2662 1.
370 2625 489 2681 operam
504 2604 632 2664 navavit.
673 2604 803 2664 Laudem
824 2622 894 2662 vero
908 2602 994 2660 ctiam
1016 2600 1126 2659 habeut
1140 2602 1225 2660 Pari-

161 2697 262 2758 sieusis
276 2698 407 2769 Coliuaei,
430 2708 463 2757 ut
488 2699 680 2768 curatissima,
702 2709 733 2757 et
753 2698 946 2778 Gryphiauae,
967 2717 985 2756 a
1005 2698 1091 2755 Petro
1112 2687 1224 2756 Crinito

161 2803 281 2854 curata.
323 2793 466 2854 Parrhasii
487 2795 603 2853 Corum.
626 2795 654 2853 in
670 2796 705 2852 L.
719 2794 756 2852 de
781 2805 869 2872 raptu
893 2796 973 2853 Pros.
998 2793 1149 2870 repetitus,
1171 2794 1223 2853 sed
1285 2813 1289 2822 ·

161 2909 229 2949 mox
251 2877 338 2949 cessit
354 2889 401 2948 ille
426 2891 502 2949 notis
516 2890 545 2947 in
566 2891 759 2949 Claudianum
775 2909 792 2948 a
807 2892 852 2948 M.
867 2892 937 2949 Aut.
954 2888 1054 2947 Delrio
1068 2908 1117 2946 an.
1138 2897 1223 2948 1538.

163 2985 343 3063 cdicoeptiS.

120 3087 202 3143 1510
223 3080 390 3140 Camertina
407 3097 430 3140 1.
453 3079 585 3150 Vieuuae,
602 3091 630 3139 4.
672 3080 826 3141 Claudiani
841 3099 931 3158 opera
945 3079 1096 3138 novissime
1112 3099 1167 3157 per
1180 3082 1220 3138 D.

159 3180 206 3238 Ju.
221 3178 386 3238 Camertem
399 3176 615 3235 accuratissime
637 3178 796 3255 recognita.
824 3179 857 3236 Iu
885 3176 962 3236 fine:
985 3176 1224 3237 Elimatissimum

161 3274 218 3333 hoc
233 3273 387 3332 Claudiani
402 3292 478 3350 opus
498 3273 680 3332 elaboratum
695 3287 742 3332 est
754 3275 875 3332 Viennae
889 3263 1026 3344 Austriae,
1051 3274 1226 3353 Hieronymi

162 3369 289 3429 Victoris
305 3369 472 3428 Philovallis
487 3370 705 3450 Calcographi:
731 3372 770 3429 Et
782 3371 904 3431 loannis
920 3371 1064 3448 Singaenii
1078 3372 1225 3429 sociorum

162 3464 298 3525 solertia:
322 3465 465 3542 Expeusis
480 3485 548 3525 vero
564 3467 723 3525 Lcouharti
744 3467 865 3524 Alautsc
891 3465 1067 3541 Bibliopolas
1080 3464 1227 3522 Viennen-

162 3561 208 3621 sis.
231 3566 319 3620 Anuo
336 3578 426 3621 Mox.
441 3561 535 3638 pridie
551 3563 653 3620 Nonas
668 3561 973 3620 Octobris-Charta
984 3558 1120 3628 carrdida,
1134 3558 1226 3618 literae

161 3658 350 3717 Jensouianae
365 3655 576 3735 pulcherrimae,
601 3675 701 3713 versus
716 3674 770 3733 per
783 3655 900 3713 denaria
922 3654 1074 3714 intervalla
1092 3654 1225 3714 dinume-

161 3753 232 3811 rati.

121 3847 190 3906 Fuit
204 3857 267 3907 tum
282 3849 329 3907 lo.
346 3849 478 3917 Camers,
501 3856 532 3906 ut
551 3843 723 3929 intelligitur
736 3865 773 3904 ex
794 3847 945 3905 versiculis
959 3867 976 3906 a
989 3846 1146 3907 Joachimo
1168 3849 1227 3904 Va-

161 3942 251 4001 diano
266 3942 402 4017 adjectis,
425 3963 517 4002 sacrae
540 3937 710 4021 Theologim
733 3940 816 3998 simul
829 3951 859 4001 et
871 3943 1050 4020 optimarum
1076 3942 1225 4001 literarum

162 4038 325 4110 Professor,
346 4039 456 4098 ordinis
472 4039 539 4098 Divi
555 4035 714 4098 Francisci.
754 4037 901 4195 Poffus
915 4037 1055 4116 majorem
1078 4037 1225 4117 praefatio·

161 4135 207 4194 nis
230 4144 363 4214 partem:
387 4136 457 4197 ‘Jo.
473 4137 594 4197 Camers
618 4134 778 4197 lectoribus
817 4129 987 4196 eiditatem.
1029 4135 1226 4198 Claudianum
