2662 4696
184 333 225 390 rs
251 330 520 393 munrornners
542 334 669 388 unior.
689 333 1013 388 sssnmronuu.
1058 317 1149 386 1773

33 487 125 574 legio
152 489 394 558 Gremanmsi
418 486 510 571 apud
535 487 776 570 Loirdineuses.
819 486 885 551 Isti
905 486 1059 563 Codices,
1085 481 1146 551 nu-

36 588 134 658 mero
149 589 420 675 quamplurimi,
438 609 581 672 quoram
603 589 701 653 multi
722 589 861 671 pretiosi
882 594 916 652 et
934 589 1084 664 classici,
1101 591 1145 654 ab

36 695 109 761 hoo.
135 677 384 774 enneliolongo
401 693 475 776 jam
496 699 656 774 ternpore,
671 698 712 756 ut
731 691 806 773 jam
819 690 1000 756 indicatum
1014 697 1075 769 est,
1098 712 1148 756 se-

33 796 164 882 juncti,
177 796 272 875 libris
286 799 415 859 tantum
436 795 620 878 impressis
637 793 761 858 ibidem
782 794 976 872 reservatis,
1002 793 1041 857 in
1052 793 1148 858 Mus-

38 918 85 974 eo
103 897 304 962 Britamiee
328 916 417 965 nune
431 901 586 962 restant:⁴
614 901 651 959 et
664 896 803 960 eundem
819 895 854 958 in
880 915 941 960 suo
967 897 1051 959 luco,
1068 884 1163 960 iuter

39 997 158 1065 Musei
171 998 359 1064 Britannici
375 997 520 1062 Codices
537 1016 641 1080 supra
655 997 910 1082 descripsimus.

430 1209 534 1279 Codex
555 1209 769 1298 Vigornicncis.

85 1378 301 1446 Bibliotheca
316 1378 479 1445 Ecclesiae
503 1378 715 1444 Cathedralis
731 1379 821 1464 apud
835 1376 1070 1461 Vigomienses
1086 1377 1153 1443 Co-

42 1481 156 1546 dicem
172 1483 346 1566 antiquum
359 1488 460 1560 tenet,
475 1484 545 1568 qui,
561 1504 639 1548 cum
660 1483 747 1559 aliis,
772 1482 878 1546 multa
896 1481 1040 1545 classica
1062 1500 1152 1547 com-

42 1584 214 1668 plectitur,
229 1586 315 1649 inter
334 1605 412 1669 quae
429 1585 607 1654 Claudiani
631 1569 769 1650 carmen
794 1582 970 1648 memorari
991 1582 1090 1646 debet
1112 1584 1153 1647 de

42 1681 163 1768 Rapta
183 1687 407 1771 Proserpinae,
423 1694 456 1753 et
468 1693 648 1773 propterea
669 1689 723 1752 hic
747 1685 814 1752 loci
839 1687 964 1750 iterum
985 1685 1154 1750 notandus

43 1796 96 1854 est
109 1789 245 1870 codes,
268 1791 396 1875 quippe
410 1791 551 1857 eundem
567 1791 710 1856 antehac
723 1789 956 1855 indicavimus,
1025 1813 1029 1823 ¹
1069 1859 1071 1866 A

464 2066 703 2088 m

70 2294 73 2300 ’
88 2283 269 2349 Hactenus
285 2282 327 2348 de
347 2284 523 2349 Claudiani
539 2283 724 2348 Codicibus
738 2285 772 2348 in
787 2284 1008 2349 Bibliotheeis
1023 2286 1157 2352 Britan·

45 2386 154 2458 uicis:
189 2384 331 2448 lectores
358 2391 468 2449 autem
492 2405 626 2449 oramus
641 2385 678 2447 in
700 2386 859 2449 memoria
879 2391 989 2450 tenere
1005 2387 1107 2472 quod,
1121 2389 1157 2453 ni

47 2487 206 2565 fallimur,
231 2506 289 2551 eos
300 2488 373 2571 jam
389 2489 468 2551 olim
492 2491 759 2566 submonuimus,
774 2509 893 2572 nempe
906 2491 1157 2556 observationes

50 2608 130 2674 quae
149 2589 312 2672 praesenti
326 2588 381 2651 vel
408 2590 476 2652 alio
503 2595 656 2673 tempore
677 2590 719 2653 de
745 2589 929 2655 Codicibus
955 2592 1158 2658 Britannicis
1199 2599 1206 2608 '

49 2689 292 2774 inquirentibtas
305 2691 429 2754 oblatae
446 2698 532 2769 sunt,
554 2694 702 2775 publicis
718 2698 844 2757 tantum
858 2692 1003 2758 librariis
1019 2714 1095 2758 esse
1109 2715 1159 2760 re-

49 2789 216 2856 serendas.
252 2789 389 2875 Quippe
404 2794 565 2876 publicae,
576 2800 611 2870 ut
625 2795 801 2877 quaebono
815 2795 952 2876 publico
966 2795 1158 2876 destinates,

48 2892 223 2973 doctorum
237 2895 327 2970 usui,
343 2899 380 2957 ut
390 2915 476 2978 opus
491 2897 547 2973 sit,
563 2903 600 2960 et
619 2897 687 2959 loci
707 2897 763 2960 vel
784 2897 951 2977 temporis.
965 2899 1179 2977 opportuni-⁴

47 2999 135 3061 tates
151 3015 190 3058 se
204 2997 391 3078 praebeant,
416 3001 494 3058 sunt
518 2994 826 3059 accommodandae.
872 2995 1022 3059 Privatae
1037 2997 1159 3079 privati

46 3096 239 3180 suntjuri83
262 3117 326 3160 non
336 3097 539 3181 quibuslibet
549 3095 716 3160 literarum
728 3094 914 3179 privilegiis
924 3096 1164 3181 subjiciendae,

43 3215 109 3268 neo
126 3196 174 3263 ad
187 3197 318 3262 libitum
334 3197 508 3276 adeundae,
525 3203 587 3264 aut
609 3205 729 3265 temere
759 3199 985 3267 consulendae.
1031 3199 1070 3264 Si
1086 3201 1181 3284 quis*-

46 3299 155 3385 igitur
170 3298 292 3363 doctus
308 3302 392 3363 tales
407 3301 462 3363 vel
480 3301 617 3383 legendo
640 3303 725 3367 norit
746 3303 807 3366 vel
822 3303 905 3386 ipse
922 3302 1107 3384 possideat,
1120 3321 1169 3368 ne·

42 3416 124 3481 nos,
140 3401 280 3480 talibus,
296 3423 416 3487 nempe
431 3405 662 3486 privatissub
677 3406 810 3469 silentio
826 3406 1014 3489 praeteritis,
1030 3405 1174 3468 incuset.

45 3502 334 3585 autnegligeutiao
350 3504 404 3568 vel
419 3506 623 3587 ignorantiae.
668 3506 842 3584 Quaenam
860 3508 965 3568 nostri
986 3507 1031 3570 sit
1054 3505 1163 3568 iuves
1216 3486 1222 3499 ’

44 3607 167 3690 tigata,
181 3625 247 3669 non
261 3607 371 3690 eulpae
397 3613 452 3670 est
470 3609 630 3690 ignorare,
645 3614 682 3671 et·
702 3609 739 3672 in·
761 3609 804 3670 iis
824 3607 1074 3690 perscrutandis
1085 3625 1165 3690 quae

49 3707 170 3773 forsan
194 3708 334 3772 inveniri
366 3727 432 3773 non
458 3716 616 3790 possunt,
647 3709 869 3790 imprudentis
899 3709 992 3774 foret.
1016 3711 1171 3774 animum

48 3807 152 3881 nimis
168 3808 353 3875 solicitare.
401 3809 469 3873 His
482 3829 561 3872 vero
576 3808 688 3886 dictis,
705 3808 753 3871 nil
776 3811 947 3892 prohibet„
956 3814 986 3874 si
999 3811 1080 3894 quid
1094 3829 1171 3872 mov-

50 3911 232 3975 mentivel
243 3914 420 3989 eudesius,
433 3912 535 3976 etiam
547 3912 673 3994 privati
693 3911 794 3994 juris,
806 3912 1004 3977 liberalitate
1017 3912 1169 3990 virorum
1293 3958 1296 3965 -

52 4010 235 4080 doctorum
250 4015 422 4098 inopinato
438 4035 474 4079 se
489 4015 587 4078 nobis
600 4015 932 4102 offerat,.quomiuus.
946 3999 1178 4081 aumlectori‘m

50 4114 120 4182 bus
134 4116 261 4182 nosuis
274 4136 345 4182 rem
359 4110 656 4187 communicemus.
