2662 4696
177 310 264 375 1641
326 327 435 375 nora
457 326 661 377 rsnronuu
685 329 726 377 ru
750 330 809 379 or..
832 330 972 383 cason.
996 330 1142 385 xxxiv.

636 749 826 817 XXXIV.

169 1014 276 1111 'nn
306 1039 487 1114 narro
517 1040 994 1121 PROSERP.LIB.11.
1024 1044 1261 1122 rnmrsr,

211 1322 363 1373 anrsrso
375 1325 430 1373 baec
447 1325 532 1374 alieno
547 1325 605 1374 loco
617 1326 714 1374 inserta

177 1399 299 1449 videtur:
325 1400 359 1449 ad
372 1417 426 1450 rem
445 1410 518 1452 certe
531 1417 583 1452 non
600 1401 675 1464 facit,
686 1411 713 1453 ut

178 1477 418 1533 tollendafortasse
439 1480 482 1529 sit.
516 1481 585 1530 Nam
604 1482 641 1529 sic
663 1481 714 1530 lle·

177 1552 235 1617 gius
246 1570 276 1603 ac
290 1554 446 1603 Oxoniensis
463 1556 523 1604 libri
530 1556 635 1619 jubent,
653 1574 714 1622 quo·

178 1643 234 1678 rum
247 1632 355 1692 margini
374 1632 429 1680 lreac
448 1631 598 1695 adscripta:
623 1633 714 1683 ‘Illud

178 1711 261 1756 totum
275 1708 308 1754 ab
323 1707 372 1755 hoc
394 1723 479 1770 versu,
493 1724 574 1773 usqne
590 1710 661 1758 illurn
677 1712 715 1760 lo-

178 1794 246 1839 cum,
267 1782 376 1845 Impulit
393 1783 490 1845 Ionios,
503 1786 622 1834 vitiosum
635 1787 715 1834 inser·

179 1863 234 1905 tum
247 1863 294 1906 est.
307 1858 429 1920 quianon
446 1867 487 1908 est
507 1860 539 1908 de
557 1861 605 1910 hoc
626 1877 714 1925 opere,

178 1931 225 1979 sed
237 1931 365 1981 Prafatio
376 1935 508 1998 cujusdam
520 1937 636 2000 alterius,
646 1939 714 2001 ejus-

179 2007 238 2057 dem
251 2016 338 2059 tamen
351 2012 481 2063 auctoris!
497 2013 533 2063 D.
545 2014 631 2064 Heiru.

155 2138 159 2145 ,
213 2088 341 2138 Praefatio
359 2091 416 2140 haec
436 2092 534 2157 scripta
553 2094 638 2143 estad
656 2095 716 2142 Flo·

178 2165 319 2224 seminum,
331 2167 412 2215 virum
433 2169 504 2229 pacis
524 2169 636 2232 bellique
653 2169 715 2217 arti-

132 2262 135 2269 ·
179 2238 228 2290 bus
239 2241 360 2304 nobilem,
371 2249 401 2290 ut
420 2242 541 2293 discimus
553 2259 585 2292 es
597 2244 714 2307 epistolis

179 2316 335 2381 Symmachi.
379 2317 440 2367 Fuit
468 2332 530 2368 vero
568 2318 714 2369 Praefectus

179 2393 257 2455 Urbi,
270 2393 346 2443 Anno
358 2399 414 2444 897.
443 2397 558 2446 Caesario
575 2405 602 2445 et
626 2397 714 2447 Attico

180 2470 254 2519 Coss.
281 2486 332 2534 quo
354 2479 471 2534 tempore
497 2473 603 2522 videtur
631 2473 715 2523 Poeta

174 2560 244 2608 opus
256 2547 430 2595 intermissum
442 2548 522 2610 ipsius
539 2550 644 2598 hortatu
656 2565 714 2614 per·

179 2629 286 2671 secutus
297 2637 364 2670 esse.
384 2624 477 2670 Closer.

213 2701 227 2744 1
256 2696 374 2761 Orpheus]
412 2698 529 2748 Palmam
555 2701 716 2751 Musicorum

180 2779 301 2823 cantuum
322 2775 380 2824 huic
408 2776 532 2825 adscribit
556 2776 716 2843 Antiquitas,

181 2847 278 2898 effectu
291 2851 346 2913 ipso
359 2866 446 2900 eorum
460 2853 581 2915 probanti
593 2861 715 2916 praestan-

181 2927 254 2990 tiam,
266 2927 420 2978 formatione
440 2930 558 2979 nimirum
577 2939 605 2980 et
616 2931 716 2979 institu-

180 3004 252 3053 tione
272 3006 402 3054 hominum
420 3005 452 3054 ad
475 3007 606 3055 meliorem
629 3007 715 3056 vitam.

182 3080 273 3130 Bortlr.

214 3159 229 3202 2
247 3156 390 3216 Seposuissel
402 3153 471 3218 opus]
495 3143 555 3205 Nori
566 3159 717 3221 deposuisset,

182 3228 296 3277 Cluverii
315 3230 415 3278 codex:
443 3230 499 3278 ebur
512 3233 592 3279 etiam
613 3233 716 3282 Vossia-

182 3318 229 3352 nus
239 3305 315 3354 alter.
333 3306 367 3353 D.
381 3305 467 3354 Heius.

216 3381 294 3444 Opus]
319 3384 378 3434 Quo
395 3383 522 3443 clarebat,
543 3384 611 3446 quod
623 3385 647 3434 ei
660 3392 716 3435 crat

181 3460 254 3507 velut
266 3459 407 3522 proprium.
426 3459 515 3507 Bartlr.

214 3540 230 3583 4
247 3535 373 3596 Lugelrnut
391 3537 480 3600 dulces]
508 3535 611 3583 Luctum
633 3534 715 3583 flumi-

182 3609 258 3657 nibus
271 3611 393 3672 assignat,
415 3612 464 3660 toti
483 3612 584 3674 regioni
604 3627 716 3661 commn-

125 3732 130 3756 ,
182 3698 241 3732 uem
254 3687 376 3734 attestari
393 3688 491 3749 volens,
503 3696 531 3736 ut
542 3688 638 3751 saepius
650 3688 717 3737 Poii·

183 3768 227 3810 tm.
246 3761 322 3810 Idem.

215 3837 359 3892 Quaerebant
382 3838 473 3900 dulces]
506 3838 548 3887 lta
571 3839 716 3902 Rapbelen-

183 3914 240 3977 gios
262 3929 321 3962 cum
340 3913 444 3977 scriptis
467 3915 578 3963 nostris:
604 3923 715 3964 vetustae

754 1329 834 1391 vulgo
845 1332 868 1376 et
880 1329 935 1379 duri
943 1345 954 1387 ,·
976 1329 1045 1393 quod
1061 1344 1114 1379 nou
1135 1331 1218 1380 ausim
1234 1343 1282 1378 mn·

755 1411 820 1454 tare.
836 1405 913 1454 Idem.

787 1481 968 1545 8Bistoninm]
989 1481 1136 1531 'llrmciam
1165 1482 1282 1531 Bistam

752 1559 821 1618 gesti
832 1557 975 1619 imperasse
992 1557 1138 1620 Orpheum,
1150 1563 1283 1607 auctorest

756 1633 800 1696 qui
820 1634 868 1681 sub
892 1633 994 1682 nomine
1014 1634 1070 1698 ejus
1094 1633 1280 1698 Argonauticon

755 1710 847 1759 librum
862 1710 975 1774 scripsit.
1006 1708 1188 1773 Tyrannornm
1206 1715 1281 1761 antem

755 1786 879 1835 vecordia
895 1787 1055 1849 interruptos
1075 1785 1179 1850 Orpbei
1192 1780 1280 1849 cantus,

755 1861 872 1923 taudem,
902 1861 1007 1910 vindice
1034 1863 1163 1910 malorum
1192 1876 1279 1912 morum

756 1936 871 1986 Hercule
887 1938 1099 2001 superveniente,
1111 1938 1280 1990 restitutosait

756 2012 924 2078 Claudianus,
964 2019 1085 2079 tempora
1117 2031 1166 2066 sna
1192 2021 1279 2065 notans.

755 2089 846 2139 Burro.

788 2173 804 2216 9
821 2165 939 2228 lsocbiis]
957 2154 1063 2215 Inscud'
1072 2166 1188 2216 conditis
1199 2173 1226 2216 et
1234 2179 1279 2214 rec·

755 2239 799 2288 tis.
833 2241 930 2290 Missus
947 2248 1035 2290 autem
1053 2240 1167 2293 Junonis
1185 2241 1278 2307 imperio

757 2318 853 2379 aRege
865 2318 1021 2381 Eurystheo.
1039 2318 1118 2368 Idem.

788 2393 894 2442 Inachiis
902 2394 931 2442 ab
942 2394 1029 2456 Argis]
1056 2394 1117 2443 Oris
1127 2409 1162 2442 ex
1173 2409 1218 2444 suo
1227 2393 1280 2443 libro

758 2470 877 2519 Delrius:
903 2477 932 2519 ut
944 2469 1013 2533 apud
1031 2470 1155 2533 Statium,
1166 2467 1280 2520 Thebaid

756 2561 817 2595 v111.
833 2548 841 2573 ‘
853 2546 963 2596 Externi
974 2545 1090 2594 Inachiis
1100 2546 1152 2594 hnc
1170 2546 1281 2596 adventa·

756 2637 812 2670 mus
836 2621 868 2671 ab
890 2620 963 2670 oris:‘
988 2620 1071 2669 nostri
1093 2620 1201 2686 quidam
1221 2619 1281 2670 orsu.

757 2699 866 2747 Frustra
876 2697 949 2761 Virg.
961 2711 1012 2747 vrr.
1029 2699 1037 2725 ‘
1049 2699 1121 2747 Ecce
1134 2705 1224 2749 autem
1234 2697 1282 2746 lm·

757 2774 821 2823 chiis
840 2788 896 2823 sese
908 2773 1039 2823 referebat
1058 2775 1091 2823 ab
1111 2773 1212 2838 Argis!
1236 2773 1283 2822 Sta·

757 2849 819 2909 tius,
836 2849 915 2899 Theb.
926 2864 945 2899 r.
971 2850 1109 2899 ‘Pallidus
1125 2850 1239 2900 Inachiis
1247 2845 1283 2912 qui

757 2924 870 2988 desuper
882 2925 1000 2973 imminet
1019 2924 1114 2987 Argis!
1142 2927 1205 2977 Vol.
1222 2926 1285 2974 Flac·

757 3013 810 3062 cus,
827 3000 872 3048 lib.
890 3014 909 3048 r.
936 2999 1069 3049 ‘Advolat
1087 3001 1206 3050 Inachiis
1226 3001 1285 3050 ultro

756 3075 905 3139 Tirynthius
914 3076 994 3139 Argis
1003 3075 1019 3124 :’
1035 3085 1062 3125 et
1072 3077 1117 3126 lib.
1130 3092 1176 3127 111.
1193 3077 1285 3141 ‘Atque

756 3151 851 3201 iterum
864 3153 974 3202 Inachiis
986 3154 1042 3216 jam
1053 3154 1164 3203 nuncius
1176 3162 1249 3216 urget
1259 3152 1284 3201 ab

757 3229 853 3293 Argis!
886 3232 929 3280 Sic
946 3239 972 3279 ct
984 3232 1028 3280 alii
1040 3232 1142 3282 Poetae.
1160 3235 1198 3283 D.
1210 3234 1285 3282 Heius.

791 3310 822 3354 10
842 3306 963 3369 Pacifero]
989 3308 1112 3356 Herculis
1123 3311 1196 3358 enim
1212 3308 1285 3359 omnis

757 3382 829 3431 labor
849 3397 944 3446 pacare
965 3384 1064 3446 orbem,
1086 3385 1228 3434 subvenire
1245 3397 1286 3448 per

757 3458 807 3505 rim
836 3459 974 3521 oppressis,
1000 3467 1148 3510 monstrosa
1177 3460 1287 3511 facinora

757 3533 856 3582 ulcisci.
875 3534 964 3584 Bnrtlr.

790 3614 820 3659 11
844 3609 935 3670 Vertit]
962 3609 1014 3658 Alii
1031 3610 1091 3659 libri
1108 3613 1183 3664 omit.
1218 3610 1286 3666 Quod

756 3685 818 3732 mibi
839 3685 944 3748 quidem
966 3686 1049 3748 magis
1077 3688 1178 3749 placet.
1212 3687 1287 3738 Simili

757 3761 834 3810 modo
846 3761 931 3809 dictus
951 3760 1079 3809 Hercules
1092 3759 1187 3824 Augias
1208 3763 1287 3813 stabu-

756 3839 808 3886 lum
819 3851 986 3900 expurgasse.
1086 3836 1089 3841 ’

791 3917 821 3962 12
840 3913 956 3961 Gramine
976 3912 1046 3974 pouit
1065 3913 1147 3976 equos]
1183 3916 1216 3964 In
1238 3914 1287 3964 aliis

183 3989 310 4037 editiones
319 3990 430 4050 lugebant
439 4005 448 4044 ,·
463 4005 520 4053 quae
533 3990 656 4053 repetitio
664 4005 715 4039 non
757 3988 890 4037 codicibus
909 3990 1039 4049 acumine:
1062 3989 1132 4052 quod
1148 3993 1287 4041 oscitanter

183 4071 224 4112 est
241 4063 350 4124 ingrata.
368 4064 438 4112 Male
448 4079 506 4112 mox
518 4065 609 4126 scripti
620 4066 715 4115 leonem.
756 4065 831 4113 nitriis
849 4063 944 4113 eruditi
967 4063 1086 4127 probant.
1123 4065 1204 4116 Hunc
1225 4081 1287 4116 erro·

182 4138 219 4187 D.
233 4137 323 4186 Heius.
756 4155 810 4190 rem
823 4141 900 4189 etiam
912 4140 1112 4204 castigatissima
1122 4141 1288 4205 Rapbelcngii

215 4213 313 4262 llllius
324 4213 403 4274 educi]
419 4214 463 4264 Sic
483 4214 596 4264 Clarerii
615 4215 716 4278 codam
756 4217 837 4268 editio
848 4219 954 4268 erravit.
986 4219 1083 4268 Veram
1103 4218 1286 4271 lectionemri·
