2662 4696
129 340 216 408 1668
279 354 389 406 noun
410 352 613 403 vuarouuu
637 351 678 402 ru
699 352 759 403 on.
775 350 917 402 curun.
936 348 1080 401 xxxvi.

130 515 213 560 uuus;
238 502 275 548 ori
291 499 371 548 etiam
395 498 505 562 Regius:
523 502 660 561 utrumqne
698 495 731 545 de
742 495 808 545 ficu:
826 494 1009 544 ‘Froudenles
1020 493 1115 545 diffusa
1129 492 1220 546 corruas.³

129 580 224 643 placet.
244 579 276 627 D.
290 578 375 626 Heiru.
698 570 791 634 isingr.
803 580 888 621 tamen
900 578 928 618 et
937 571 1056 635 plerique
1066 570 1148 620 nostri
1157 569 1223 634 effusa

128 678 131 683 ·
162 658 209 703 155
226 651 350 714 Succidui]
367 652 506 711 Succidaaa
513 652 620 714 jamiam
634 649 660 697 iu
695 663 785 710 genus:
806 655 835 696 ut
854 646 932 711 affluo
953 646 1093 709 legendum
1113 647 1224 696 videatur

128 743 216 779 mum
237 742 342 791 pronus.
382 727 507 776 Ovidius:
533 725 660 787 ‘Poplite
697 724 848 787 aritsaffirsa
857 724 962 786 pulvere
971 723 1085 772 scilicet:
1103 723 1224 775 ueletiam

128 805 252 854 succiduo
263 817 349 866 genua
360 799 536 851 intremuere.'
556 801 660 849 Tremo·
697 801 809 865 locryruis
819 800 896 864 offuso
904 815 993 860 gesur,-
1010 814 1069 849 riam
1081 799 1224 848 insecundo

127 887 287 929 remantem
307 877 471 927 anteomuia
491 876 661 936 aiuntgeuuu
697 879 832 938 Vaticano,
848 879 964 940 mucymus
979 875 1057 940 effusa
1069 892 1156 938 geues.
1185 879 1223 926 De

126 955 249 1018 Mentore,
266 962 293 1004 et
313 953 421 1017 proinde
433 952 533 1014 gressui
544 965 600 1000 esse
612 946 677 999 iui·'
696 954 833 1017 effundendi
860 953 939 1002 verbo
968 952 1088 1015 pluribus
1117 953 1150 1002 ad
1173 952 1225 1002 Vol.

126 1033 231 1083 micum.
248 1032 338 1080 Bartlr.
697 1029 787 1078 Flacci
798 1031 843 1079 lib.
856 1042 894 1078 rv.
906 1033 948 1078 48.
959 1029 1068 1090 egimus.
1097 1029 1225 1078 Procuros

161 1111 207 1156 158
225 1105 360 1167 Sacrilego]
380 1105 471 1168 Impia.
505 1104 560 1153 Diu
572 1112 658 1154 autern
694 1109 994 1171 sordidoperperamcaeo
1002 1109 1152 1158 Cluverius:
1170 1108 1224 1170 quia

126 1188 187 1244 post
197 1187 299 1244 raptum
309 1181 406 1228 venisse
416 1195 446 1228 eo
456 1181 587 1242 Cererem,
596 1180 659 1228 iudi·
696 1192 784 1232 noster
792 1199 875 1232 cuntem
890 1185 1007 1246 puluerem
1019 1183 1146 1246 sotejam
1159 1183 1224 1231 dixe·

125 1264 170 1307 rat
183 1271 284 1305 araueae
297 1264 391 1306 textus.
409 1258 485 1305 Idem.
696 1266 751 1318 rat3
770 1259 838 1322 qrrod
848 1265 876 1308 et
887 1272 1023 1322 perperam
1035 1259 1222 1323 Raplraleugius

158 1338 206 1382 159
236 1335 323 1382 Tamen
345 1335 422 1381 oscrrlu
444 1332 509 1394 tela]
555 1334 657 1382 Tantum
695 1342 808 1383 secutus.
841 1335 1001 1395 Virgilius.
1019 1334 1223 1384 ί(1111611181

124 1407 217 1470 lsiugr.
228 1415 255 1457 et
267 1416 321 1457 tres
333 1424 366 1456 ex
375 1410 478 1458 uostris.
500 1411 535 1456 D.
549 1409 634 1458 lidos.
694 1411 815 1460 muudum
828 1409 957 1459 deformat
965 1410 1090 1474 pulvere!
1107 1412 1143 1461 Et
1151 1411 1168 1461 l.
1176 1424 1223 1462 111.

159 1489 206 1534 lot
229 1485 343 1546 Virgiueo
361 1484 427 1545 ludo]
454 1484 542 1533 Ludus
569 1495 657 1547 glaills
696 1486 844 1535 ‘Canitiem
863 1486 993 1535 immundo
1016 1485 1152 1549 perfusam
1173 1476 1243 1552 pul·¹

123 1561 197 1608 anuis
208 1559 388 1608 tenerioribus.
405 1559 656 1620 Senec.Epist.115.
695 1576 757 1610 rere
775 1562 908 1624 turpausz'
925 1577 982 1626 quae
1002 1563 1036 1626 D,
1051 1562 1220 1626 Hieronymus

123 1638 189 1685 l'ull.
203 1637 279 1685 Orat.
301 1649 348 1697 pro
368 1634 496 1682 Cluentio.
529 1633 618 1682 Sidou.
639 1636 656 1683 1.
694 1637 940 1700 respexitEpist.ad
949 1637 1147 1686 Innocentium:
1163 1638 1222 1688 ‘Ca-

123 1725 174 1760 vn.
184 1714 234 1774 Ep.
247 1715 271 1759 2.
289 1709 296 1736 ‘
309 1711 385 1759 Nunc
398 1709 457 1758 ludo
468 1717 529 1770 apta
540 1708 656 1771 virgineo
693 1711 783 1760 uitiem
810 1713 966 1760 immundam
990 1711 1097 1774 perfuso
1121 1714 1221 1777 puluere

123 1797 213 1837 scruta
222 1785 349 1836 donaret!
384 1787 504 1834 Lactaut.
516 1787 533 1833 l.
544 1799 576 1833 11.
597 1801 619 1835 c.
631 1792 656 1837 4.
693 1785 852 1849 deturpans!
870 1787 948 1836 0vid.
961 1788 977 1837 l.
989 1802 1051 1836 vrri.
1065 1790 1133 1838 Met.
1148 1790 1156 1818 ‘
1164 1790 1221 1838 Pul·

122 1865 130 1902 4
144 1877 195 1911 uon
212 1877 228 1911 a
245 1861 395 1924 virginibus,
413 1875 520 1924 ursarium
533 1861 608 1909 venia
619 1863 655 1910 ln·
694 1877 754 1911 vere
766 1864 886 1912 canitiem
896 1866 998 1926 genitur
1008 1862 1141 1914 findatur!
1163 1867 1221 1914 Pru·

122 1938 192 1987 silius
209 1937 267 1986 dari
284 1937 388 2001 potest.'
423 1937 565 1987 Plinium.
586 1939 603 1986 1.
615 1951 654 1987 111.
692 1937 765 1987 dent.
777 1938 964 2002 Psyclrouraclr.
979 1937 1086 1988 ‘fertur
1103 1941 1222 2004 resupina

122 2015 173 2077 Ep.
185 2019 226 2063 38.
242 2014 373 2062 ‘maxime
392 2015 475 2076 pueri,
484 2028 556 2077 ‘quos
574 2014 655 2062 otium
692 2013 807 2063 reductis
835 2016 1014 2079 Nequicquam
1041 2016 1105 2065 loris
1127 2017 1224 2080 auriga,'

121 2094 244 2155 lucrisque
256 2089 415 2140 sollicitant!
432 2090 541 2151 Dempst.
691 2103 843 2153 comamque
855 2091 1001 2140 madentem
1014 2092 1129 2141 Pulvere
1145 2091 1221 2141 foas·

156 2173 204 2218 164
220 2165 479 2228 Siculisrderutolim]
498 2167 654 2227 Naupotest
692 2169 757 2213 turz'
785 2168 823 2214 sie
845 2167 958 2229 optimus
980 2167 1056 2217 liber.
1100 2168 1178 2219 Silius
1195 2182 1221 2218 x.

89 2276 93 2280 ›
122 2245 238 2296 enarrari
257 2243 383 2308 emphasis
403 2241 478 2306 hujus
497 2241 562 2291 tanti
583 2241 654 2291 dolo·
691 2241 825 2291 ‘Pulvere
845 2244 953 2293 canities
974 2251 1031 2293 atro
1050 2246 1220 2309 squallebatz’

121 2321 165 2370 ris.
183 2322 272 2373 Bora.
691 2318 785 2381 quibus
796 2319 901 2379 vulgata
919 2319 999 2368 lectio
1015 2321 1120 2371 abunde
1131 2321 1219 2372 confir-

154 2401 202 2446 176
218 2400 298 2462 Atque
308 2396 354 2460 ibi]
378 2398 477 2447 Forsan
494 2395 590 2446 rectius
604 2395 654 2446 abi.
689 2400 782 2443 matur.
800 2395 874 2442 ldem.

119 2472 260 2522 ill-leina.
722 2471 824 2520 Pulvere
847 2471 916 2534 cano]
947 2471 1119 2522 Scribeudnm
1145 2489 1219 2524 omos.

153 2551 201 2597 171
217 2548 325 2610 Priscus]
342 2549 432 2610 Senes,
448 2547 572 2597 seniores.
589 2549 652 2596 Bur·
689 2546 778 2609 Auget
790 2549 859 2596 euim
870 2548 918 2597 lroc
929 2549 1073 2610 spectaculi
1085 2550 1218 2600 miseriam.

119 2623 193 2671 tisias.
648 2654 650 2658 -
688 2624 778 2672 Burtlr.

153 2702 199 2747 175
217 2699 342 2762 Potemis]
365 2698 449 2762 lovis,
467 2701 541 2762 cujus
559 2715 592 2748 cx
604 2702 652 2750 Ce·
721 2705 767 2751 181
786 2702 903 2766 Maritus]
928 2703 988 2751 Nou
1007 2701 1077 2750 euim
1095 2703 1145 2751 hoc
1164 2718 1219 2768 reg-

119 2788 178 2823 rere
189 2771 243 2822 filia
253 2781 320 2824 erat.
337 2776 413 2824 Idem.
689 2784 767 2827 nante
784 2779 837 2827 tale
855 2777 951 2843 aliquid
967 2779 1107 2827 timuerim.
1140 2779 1219 2828 Mari·

152 2855 200 2900 176
217 2851 375 2914 Hoccomes]
392 2851 485 2900 Comes
502 2866 547 2901 seu
565 2858 651 2901 custos
688 2861 743 2904 turn
764 2856 879 2918 appellat
898 2856 1008 2906 Jovem:
1032 2855 1105 2905 ‘hoc
1123 2871 1218 2920 praere·

118 2926 145 2977 iu
156 2941 184 2976 re
203 2930 317 2977 Romana
333 2928 401 2977 idem
419 2929 548 2977 nobilibus
564 2935 591 2978 et
607 2945 651 2992 pa·
687 2931 741 2980 laus
752 2933 855 2981 nomine
867 2931 987 2994 culpam!
1007 2933 1083 2981 Idem.

118 3003 202 3054 trioiis
214 3019 247 3053 ex
258 3004 285 3054 J.
298 3005 328 3054 C.
339 3006 355 3053 1.
369 3009 407 3052 15.
418 3006 440 3067 §-
452 3005 568 3054 comitem.
574 3006 610 3069 ff.
621 3009 650 3056 de
719 3011 767 3056 184
784 3008 916 3070 lnorimeu]
943 3005 1114 3070 Antiquiores
1132 3008 1217 3058 viden·
1241 3060 1242 3065 ,

117 3080 189 3138 injur.
200 3085 224 3128 et
235 3079 346 3138 husam.
373 3081 461 3128 Valer.
473 3080 562 3146 1.,1111.
575 3096 598 3130 c.
610 3087 650 3131 12.
687 3089 730 3130 tur
746 3083 841 3146 legisse
853 3082 922 3144 apud
938 3082 1093 3144 Homerum,
1105 3084 1180 3134 Iliad.
1191 3091 1215 3133 B.

117 3155 151 3203 de
172 3153 333 3214 Alexandro,
355 3161 383 3204 et
403 3162 493 3217 aperte
512 3161 649 3220 utrumque
685 3157 999 3222 puiarsslraplpnsffloueiv
1012 3157 1122 3221 Ἀρίμοις.
1155 3161 1216 3212 Quis

116 3229 261 3292 conjunxit.
294 3229 410 3279 Martini.
430 3231 445 3279 l.
462 3243 501 3277 xr.
521 3231 649 3292 Epig.se.
686 3236 755 3283 enlm
779 3234 931 3297 ignorantiae
949 3243 994 3282 aut
1013 3235 1164 3286 oscitantiae
1181 3252 1218 3286 ar·

116 3307 125 3336 ‘
138 3308 268 3356 Cunarum
279 3306 365 3356 fueras
380 3314 474 3369 motor,
485 3308 648 3372 Clrarideme,
687 3315 749 3372 guat
760 3307 861 3358 divinos
869 3309 927 3356 illos
939 3308 1073 3357 Musarum
1092 3311 1217 3374 iuterpre-

115 3396 241 3445 mearum,
252 3385 287 3432 Et
298 3383 373 3447 pueri
383 3391 470 3433 custos
479 3384 648 3449 assiduusque
686 3385 740 3434 tes?
752 3385 797 3434 Sic
807 3384 1038 3445 ΐοτῖεπαναθηναῖα,
1046 3392 1074 3434 et
1083 3385 1217 3447 παναχωοὶ,

115 3459 219 3509 comes!
252 3459 288 3509 At
299 3468 386 3511 custos
400 3475 446 3524 pro
460 3461 580 3524 ministro,
591 3463 648 3512 Ma·
685 3478 718 3513 ex
729 3462 829 3512 duabus
846 3461 1003 3511 dictionibus
1021 3461 1047 3508 in
1065 3476 1144 3512 unam
1159 3477 1216 3513 coa·

114 3536 187 3586 arob.
200 3537 217 3586 1.
228 3549 271 3586 111.
282 3538 335 3586 Sat.
348 3552 371 3587 c.
383 3543 408 3585 6.
426 3538 535 3598 Dempri.
683 3542 764 3591 luere.
782 3543 874 3589 Claoer.

131 3655 133 3662 .
147 3613 264 3660 Prouinru
273 3614 359 3676 muter]
371 3615 455 3663 Portu
465 3621 571 3663 remoto.
583 3615 647 3664 Bur·
716 3621 763 3665 185
775 3615 912 3676 Alsienses]
929 3615 1010 3678 Gigas
1023 3630 1101 3678 quem
1113 3616 1161 3666 sub
1169 3617 1217 3666 Va·

114 3687 187 3738 iltius·
683 3708 744 3742 sevo
756 3694 837 3741 latere
848 3696 1000 3740 ineuioraut.
1017 3691 1108 3740 Burtlr.

146 3767 263 3816 Proximo
274 3754 349 3816 mater
357 3768 450 3830 lauteri]
463 3769 579 3818 Proxima
587 3784 646 3818 sem·
715 3772 763 3816 188
779 3766 900 3829 Appetiit]
918 3766 992 3813 Alter
1002 3767 1145 3817 Vossianus
1155 3768 1214 3817 urri-

111 3857 155 3907 per
166 3844 259 3892 tertius
270 3844 421 3892 Vaticanus.
443 3845 480 3891 D.
493 3844 579 3893 Heius.
680 3845 748 3906 psit:
765 3843 926 3906 quomodoet
935 3856 981 3903 pro
989 3842 1094 3892 diversa
1104 3844 1213 3894 lectione

147 3926 195 3971 177
212 3923 271 3970 Tum
283 3924 371 3984 lacerus
386 3919 461 3984 effuso
472 3922 561 3983 comas]
586 3922 645 3980 Dif-
682 3922 810 3971 secundus
824 3921 909 3969 Vatic.
927 3922 960 3970 D.
975 3921 1061 3970 Heius.

106 3998 167 4058 seon
178 3997 229 4045 duo
239 3999 439 4059 Pulruauuiaui;
455 4004 483 4046 nt
494 4013 571 4060 supra
581 3998 598 4046 1.
613 4013 643 4050 11.
715 4001 763 4046 189
780 3997 837 4045 Heu
848 3997 888 4044 abi
901 4012 971 4057 auae,
989 3997 1039 4055 ubi,
1058 4005 1127 4060 nuta,
1143 3995 1211 4060 milit]

110 4072 289 4135 ‘dederatque
306 4087 406 4121 comam
421 4071 567 4121 diffundere
585 4087 645 4122 ren·
680 4073 723 4123 Sic
735 4081 843 4122 venuste
855 4075 968 4122 Floreat
980 4077 1005 4122 8.
1018 4074 1113 4124 Marci.
1130 4075 1211 4136 Vulgo

110 4148 171 4197 tis:'
187 4152 216 4196 ct
232 4147 266 4196 de
285 4147 458 4211 Proserpina:
482 4147 644 4198 ‘Caesaricm
679 4148 791 4198 11611111
808 4153 843 4197 est
858 4153 924 4197 nata.
957 4148 1036 4198 Unde
1052 4148 1095 4205 aot
1112 4164 1173 4199 aare
1187 4161 1211 4196 aa
1237 4188 1238 4191 ,

112 4220 299 4274 diffusauoto.’
330 4223 447 4274 Alcimus
458 4221 553 4275 Avitus
568 4224 643 4278 lus.
679 4224 742 4278 elim
761 4223 900 4291 legebam
928 4224 998 4290 quud
1024 4239 1091 4277 unus
1118 4225 1208 4277 Peter.
