2662 4696
109 309 197 376 1756
438 320 635 371 aacnusus
661 318 875 369 nnrrronun

113 488 120 509 ·
148 469 347 542 polita,quem
361 462 389 520 in
402 462 510 523 osculis
524 461 661 532 babebat,
676 459 856 519 convaluerit
874 448 939 536 jani
955 460 1056 538 plane,
1071 445 1196 520 anteana
1234 469 1242 506 t

151 561 242 619 multo
256 561 349 618 minus
364 578 440 636 aeger
454 560 492 617 sit
506 559 666 638 praestitus.
689 567 751 616 tum
773 576 841 616 vero
864 557 940 616 adeo
960 557 1057 634 gratia
1072 557 1196 626 valebam,
1235 564 1242 602 ¹

151 665 183 714 ut
194 655 315 724 diceret,
331 674 398 713 suos
414 661 518 732 poetas
533 654 603 711 mibi
618 654 664 712 vel
679 654 865 731 possessione
879 654 925 711 vel
942 673 999 712 usu
1015 653 1099 712 brevi
1114 654 1197 712 datum
1237 662 1242 717 l

112 805 117 815 ,
150 752 194 812 iri.
239 751 298 810 Sed
320 771 380 808 uon
398 770 452 825 ego
467 750 508 808 illi
530 751 650 808 nimium
665 738 811 820 credulus,
825 748 936 827 quippe
950 756 1093 808 noveram
1108 750 1198 827 ipsum,
1240 739 1242 795 l

122 878 125 882 ·
150 868 196 907 me
211 847 297 907 etiarn
312 847 340 905 id
356 846 459 905 aetatis.
500 845 541 906 Ut
564 854 595 904 ut
618 845 664 915 sit,
687 846 752 921 ejus
773 845 953 924 benignitate
967 846 1018 905 vel
1031 842 1132 924 opera,
1145 863 1200 904 con·
1237 830 1239 837 λ

149 953 262 1004 textum
276 944 366 1002 nostri
380 941 507 1001 auctoris
531 942 558 999 in
583 941 723 1001 mundum
746 941 933 1019 redegimus:
960 941 1008 1001 usi
1034 942 1154 1020 insuper
1165 959 1200 998 co·
1241 931 1242 987 ἶ

149 1041 214 1099 dice
228 1039 413 1117 Gryphiano,
428 1038 456 1096 in
471 1038 556 1114 cujus
567 1056 620 1095 ora
633 1037 724 1096 varias
738 1037 878 1097 lectiones
888 1037 1012 1098 aliunde
1023 1033 1201 1117 expresserat.

150 1139 191 1196 At
218 1134 315 1195 triduo
342 1144 411 1213 post
439 1134 566 1211 repetiit,
594 1133 754 1212 aliquando
779 1135 857 1193 enim
885 1134 923 1194 de
948 1136 1010 1194 suis
1036 1134 1141 1215 vigiliis
1153 1144 1202 1194 erat

151 1232 265 1302 anxius,
289 1230 326 1290 ad
349 1251 442 1308 usque
468 1230 603 1288 umbram
623 1229 820 1307 suspicionis:
849 1229 931 1308 qnod
954 1231 1081 1291 minime
1095 1231 1201 1291 mirum:

151 1348 219 1387 narn
233 1337 263 1386 et
276 1328 304 1386 in
320 1327 363 1387 bis
378 1326 528 1386 amoribus
544 1344 680 1402 magnum
694 1345 772 1403 saepe
786 1344 804 1384 a
820 1325 903 1384 rivali
922 1325 1027 1404 aliquo
1042 1326 1201 1405 periculum.

152 1424 255 1503 ltaque
269 1433 337 1484 ante
351 1425 487 1494 lustrum,
502 1431 554 1482 aut
567 1423 636 1499 plus
650 1439 697 1491 eo,
713 1430 746 1479 nt
759 1421 866 1480 rescivi
889 1421 1020 1481 eundem
1034 1423 1141 1482 librum
1156 1441 1203 1482 esse

150 1521 180 1580 in
194 1523 301 1587 Museo
316 1522 351 1580 V.
367 1521 403 1579 C.
418 1521 459 1580 H.
475 1519 610 1580 Picaultii
630 1517 784 1596 splendide
797 1517 902 1578 eruditi
919 1527 950 1577 et
970 1518 1113 1579 faventiae
1127 1517 1202 1598 pleni,

149 1617 187 1677 ad
204 1637 270 1676 eum
286 1617 380 1674 volavi
395 1617 553 1687 curriculo,
568 1615 628 1674 voti
643 1614 707 1684 mei,
730 1623 763 1674 ut
785 1634 885 1693 reapse
910 1615 1022 1693 paruit,
1037 1634 1159 1694 compos
1171 1614 1203 1673 iu·

151 1721 242 1771 turus.
285 1713 397 1771 Exinde
413 1713 547 1790 proiecto
572 1712 711 1790 pleraque
726 1711 795 1770 olim
809 1711 973 1770 festinando
990 1711 1144 1788 praeterita
1157 1728 1202 1768 nou

150 1808 213 1866 sine
227 1808 377 1884 voluptate
393 1808 583 1885 collegi—P.
602 1808 707 1866 Gnosii
716 1800 827 1882 judicis
843 1807 957 1885 optimi,
972 1827 1031 1866 nec
1046 1808 1131 1885 parvi
1144 1807 1203 1865 inter

143 1903 276 1961 literatos
290 1903 425 1975 nominis,
444 1903 569 1962 Schedia
594 1912 626 1961 ut
648 1903 790 1979 placitum
804 1903 933 1980 inspexi:
959 1903 1105 1980 equibus
1119 1913 1203 1962 aucta·

149 1998 226 2057 rium
249 1999 318 2057 satis
337 2001 469 2076 amplum
491 2007 698 2076 repraesentare
722 2000 947 2076 potui-omues
967 2000 1059 2058 etiam
1073 1999 1202 2058 editiones

149 2094 209 2154 fere
223 2095 428 2166 delibavimus,
445 2115 499 2155 nec
514 2096 574 2154 ulla
587 2095 654 2155 freti
668 2097 859 2173 conjectura!
899 2097 946 2155 De
961 2096 1018 2154 bac
1033 2096 1163 2164 editione
1172 2095 1203 2152 ita

150 2191 239 2268 Casp.
266 2192 408 2251 Barthius
429 2192 457 2249 in
482 2191 652 2269 praefatione
667 2190 806 2250 secundae
828 2210 909 2251 strae:
940 2191 1098 2250 ‘Laudem
1114 2189 1204 2268 praeci

150 2308 237 2366 puam
261 2298 398 2359 meretur,
421 2309 487 2366 quae
512 2308 549 2356 err
571 2287 737 2363 Cujacianis
760 2287 841 2345 libris
865 2295 897 2344 et
917 2286 1172 2344 observationibus
1192 2303 1205 2341 a

149 2385 298 2461 Stephano
314 2385 449 2444 Claverio
463 2384 577 2443 Parisiis
592 2383 669 2442 edita
680 2383 709 2440 in
721 2383 791 2441 satis
801 2383 899 2460 ampla
909 2380 1115 2459 etsplendida,
1125 2380 1204 2460 p'aulo
1240 2432 1242 2439 ,

150 2490 247 2558 posta
263 2482 410 2555 Scaligero
427 2482 455 2538 in
472 2480 690 2539 minutissimam
705 2480 840 2549 formam,
865 2479 928 2536 solo
952 2487 1066 2550 tamen,
1079 2488 1114 2537 ut
1128 2489 1205 2536 voca·

150 2594 224 2643 mus,
236 2584 331 2644 textu,
346 2577 474 2645 redacta,
490 2585 520 2634 et
534 2595 551 2632 a
565 2573 755 2633 Plantiuianis
768 2583 814 2632 est
827 2573 934 2650 saepius
946 2593 1061 2632 recusa.
1103 2573 1205 2632 Totam

150 2669 226 2728 hanc
240 2671 451 2749 corrigendam,
466 2671 663 2747 probandam,
680 2670 950 2740 examinandamin
960 2682 1064 2728 nostra
1078 2671 1135 2729 lrac
1146 2689 1205 2749 pro·

148 2765 326 2843 mulgatione
347 2768 556 2844 reponendam,
582 2767 739 2826 duximus!
776 2769 926 2827 Gesnerus
950 2765 1053 2830 addit:
1086 2769 1140 2825 Est
1163 2765 1205 2843 qui

151 2862 329 2922 Claverianae
344 2864 411 2922 huic
425 2863 547 2922 editioni
567 2864 717 2940 adjectum
740 2865 827 2923 etiam
848 2872 987 2922 memoret
1000 2864 1051 2923 Jo.
1065 2863 1205 2922 Tornom-

150 2961 209 3038 paei
222 2961 472 3020 commentarium
487 2961 524 3019 ad
540 2979 658 3019 carmen
674 2959 711 3019 de
736 2977 791 3019 111.
801 2970 832 3019 ct
847 2976 894 3018 1v.
909 2960 1065 3018 consulatu
1080 2958 1205 3018 Honorii.

82 3049 83 3052 ¹
149 3056 183 3113 In
198 3067 296 3126 nostro
310 3058 429 3134 quidem
444 3058 579 3134 exemplo
595 3056 704 3115 nullum
720 3058 785 3133 ejus
794 3057 835 3114 rei
846 3055 997 3131 vestigium
1011 3055 1206 3132 deprebende-

150 3151 228 3209 bam.
267 3154 377 3210 Floruit
391 3165 488 3211 autem
503 3174 538 3212 eo
552 3163 685 3231 tempore
699 3160 729 3212 et
743 3153 771 3211 in
787 3151 917 3211 Persium
931 3160 1016 3209 notas
1037 3152 1131 3211 edidit
1140 3151 1205 3210 Tor·

150 3264 307 3322 norupaeus
328 3248 420 3306 Paris.
439 3247 525 3308 1601.
540 3260 570 3309 4.

9 3402 12 3407 ,
109 3341 355 3414 -Plantiniana,
370 3344 523 3403 Pulmanni
549 3361 595 3405 1v.
620 3365 648 3403 c.
673 3365 703 3404 n.
729 3348 773 3405 M.
797 3348 835 3405 A.
862 3343 971 3414 Delrio,
987 3362 1036 3420 ap.
1053 3346 1204 3404 Moretum.

67 3480 69 3483 ψ
150 3441 240 3497 Antv.
257 3449 303 3500 tu.

113 3532 189 3593 1603
206 3534 303 3611 Lugd.
319 3545 348 3594 4.
371 3536 400 3594 in
422 3539 552 3622 Qorpore
565 3537 696 3596 omnium
720 3547 850 3597 veterum
873 3542 1028 3615 poetarum
1043 3536 1206 3597 Latinorum

150 3631 310 3689 secuudum
325 3633 426 3691 seriem
443 3645 618 3713 temporum,
634 3650 672 3695 11.
688 3635 748 3693 vol.

110 3758 150 3771 -
163 3727 255 3785 Paris.
274 3738 300 3786 t.
314 3748 362 3805 ap.
379 3730 447 3787 Vid.
464 3731 545 3790 Guil.
562 3731 735 3790 Chaudiere.

109 3857 150 3872 ·-
162 3824 355 3901 Raplrelengii
382 3842 405 3884 1.
428 3845 463 3882 ex
479 3829 627 3885 emendat.
642 3827 769 3885 virorum
788 3825 956 3893 doctorum,
971 3845 1008 3883 ex
1022 3823 1103 3883 offic.
1118 3821 1208 3881 Plant.

147 3920 347 3998 Rapbelengii.
362 3929 412 3980 24.
422 3921 459 3979 dc
469 3942 527 3999 qua
542 3922 682 3981 Heinsius
693 3922 722 3979 in
735 3920 818 3998 praef.
846 3919 1136 3996 ‘Rapbelengianam
1151 3936 1208 3975 om·

150 4015 230 4075 nium
245 4025 318 4093 quot
333 4017 394 4076 vidi
415 4017 566 4095 optimam,
589 4035 678 4094 quam
695 4016 874 4094 scaligerum
894 4015 1078 4075 recensuisse
1101 4014 1208 4080 volunt,
