2662 4696
183 309 270 378 1486
364 324 473 375 trouu
498 324 699 374 venrouuu
724 326 764 374 ru
789 327 848 376 ou.
870 326 1010 377 ousuo.
1034 328 1103 376 xx.

217 473 266 519 alo
284 468 425 519 custodibus
434 468 515 532 orbes]
536 468 611 519 Aroes
621 467 715 519 Pstar.
784 472 833 518 222
851 470 920 518 Bello
930 470 1019 520 dabunt
1034 470 1119 532 sonos]
1134 469 1201 519 Sane
1213 482 1284 530 voro,

183 551 212 595 et
235 546 296 596 Put.
318 545 413 608 Regius
432 547 501 594 celles.
537 545 629 607 Quippe
651 548 715 592 melu
753 545 829 600 modo
846 546 907 594 Dux
924 547 967 608 sit,
987 547 1098 595 militum
1110 552 1137 594 et
1155 544 1282 594 sociorum

181 636 258 684 poem
281 623 354 672 malit
382 623 514 684 Berthius‚
535 637 610 687 quatu
631 625 714 671 melus
752 617 1160 684 conffiretcopia,velutserviad
1176 621 1281 682 pileum.

183 697 219 747 D.
233 698 325 748 Heius.
753 694 844 744 Bortlt.

217 776 398 838 ursmarus]
433 773 576 838 Foedifragi
604 769 713 839 ao‘per.
784 774 832 819 223
850 770 980 834 Sieoutra]
1004 771 1036 819 Id
1054 776 1103 831 est,
1122 783 1154 817 ex
1167 768 1282 817 adverso.

183 849 281 900 duelles
298 852 347 900 illis
375 852 533 916 temporibus
554 851 713 914 ditabantur,
752 847 844 910 Virgil.
860 844 1171 896 ‘Venusaureacontra’
1206 844 1283 892 Clau·

182 925 264 992 iisque
290 937 385 990 praesro
413 935 471 976 erat
495 927 581 978 venia.
617 928 713 977 Lucan.
753 921 922 971 dianimens:
946 924 1006 972 Nou
1019 930 1045 972 te
1062 923 1100 970 ita
1111 934 1250 980 monerem,
1261 919 1282 966 si

181 1001 329 1066 ‘Quicquid
351 1004 439 1051 multis
461 1009 587 1065 peccatur
604 1003 713 1052 inultum
754 997 803 1046 tibi
826 996 1014 1063 confligendum
1039 1006 1107 1046 esset
1130 1011 1188 1045 curn
1213 994 1282 1043 viris.

181 1076 242 1127 est!
262 1079 357 1127 Closer.
753 1073 812 1120 Pali
823 1074 871 1122 hoo
883 1076 939 1123 loco
951 1083 999 1134 est,
1011 1074 1132 1138 experiri.
1151 1074 1243 1120 Closer.

219 1151 439 1202 VastnlorArltioae
458 1152 554 1216 Gentis]
583 1153 713 1202 Alaricum
785 1147 813 1195 Si
835 1154 916 1198 contro
930 1156 1037 1213 paterere
1055 1149 1129 1210 uiros]
1156 1150 1205 1196 Vel
1217 1161 1283 1209 rupe-

184 1223 258 1275 dicit.
276 1227 365 1276 Burtlt.
752 1238 805 1272 rere
814 1225 910 1287 primus
923 1225 1075 1274 Vaticanus.
1092 1225 1125 1273 D.
1138 1224 1222 1271 Heius.

215 1306 262 1352 215
283 1305 384 1365 Epirum
392 1318 466 1366 nuper
470 1304 595 1366 populatus
602 1302 713 1364 inultum]
784 1304 833 1348 226
850 1300 1001 1363 Barbarion]
1018 1303 1112 1363 Diguae
1123 1307 1149 1348 te
1166 1306 1193 1346 et
1203 1298 1282 1361 majo·

181 1377 297 1428 Adallum
328 1379 584 1442 Rottendorpltiauus
609 1387 635 1427 et
661 1387 713 1427 tres
753 1374 1144 1439 ribustuis,dtgnaegeuretua.
1161 1376 1249 1423 Burri.

183 1453 243 1503 alii:
260 1455 360 1517 opimm
370 1462 429 1503 tert.
441 1455 527 1504 varic.
537 1463 564 1504 st
575 1469 621 1517 pro
631 1454 715 1503 diver·
785 1455 833 1500 228
853 1453 1099 1516 Proedoquerepletus]
1109 1452 1282 1501 Prim.Vatic.

181 1530 335 1579 selectione
348 1531 507 1579 Potesneus.
527 1531 569 1578 Sic
582 1533 589 1558 ‘
603 1530 713 1592 opimam
751 1527 838 1589 repleri
856 1530 916 1576 Cum
931 1529 1009 1579 libent.
1043 1527 1231 1590 Rottendorph.
1248 1541 1284 1575 re·

182 1604 330 1654 etfertilem
344 1606 634 1655 Asiam'dlxitCicero.
660 1606 714 1667 Ap·
750 1606 840 1664 pertus.
856 1602 926 1653 Puto
936 1605 1045 1663 refertus.
1064 1608 1098 1654 D.
1110 1605 1200 1652 Heius.

182 1681 268 1743 posite
285 1681 369 1744 Maro,
388 1683 445 1733 AEn.
463 1697 481 1732 r.
517 1683 641 1746 ‘genitor
660 1689 714 1730 tum
784 1681 833 1725 229
853 1679 912 1727 Cum
923 1680 1003 1742 libent,
1018 1682 1137 1729 Romanus
1145 1680 1202 1743 eris]
1220 1679 1281 1728 Orn-

181 1756 262 1805 Belus
297 1759 408 1820 opimam
433 1759 560 1807 vastabat
581 1758 713 1822 Cyprum!
752 1753 812 1801 uiuo
832 1769 892 1803 vere
915 1757 970 1804 lraee
989 1764 1017 1805 ot
1034 1772 1066 1805 eu
1079 1772 1125 1804 nau
1137 1763 1282 1816 temporum

181 1831 261 1896 Apud
281 1834 438 1884 Horatium
456 1836 586 1885 ‘Larium
609 1848 715 1898 campus
752 1827 861 1877 istorum
870 1831 986 1893 loquitur
997 1833 1053 1886 lraec
1066 1833 1153 1880 Furia.
1175 1831 1265 1878 Barth.
1299 1855 1303 1861 ’

181 1906 293 1970 opimos!
327 1910 444 1959 Emenda
457 1912 580 1960 Senecam
600 1910 715 1960 Phoenis-
785 1909 831 1954 2³1
851 1906 956 1966 Instruis
965 1907 1078 1970 tenebris]
1088 1906 1194 1970 Stygiis.
1206 1905 1282 1954 Idem.

181 1980 227 2043 sis,
238 1998 301 2047 quas
323 1984 440 2048 Tlsycsteu
456 2000 592 2048 perperam
609 1986 715 2048 inscrip·
784 1985 833 2030 234
851 1984 952 2046 rtigiuae
963 1987 1043 2033 sedere
1053 1982 1137 2044 rome]
1156 1982 1282 2032 Quaeure·

182 2072 251 2120 sere,
270 2075 305 2109 vs.
322 2063 363 2108 54.
381 2062 388 2089 ‘
403 2061 537 2126 Opulenta
554 2060 624 2110 ferro
635 2075 716 2124 regua
752 2064 781 2107 tu
793 2067 820 2107 et
832 2067 1119 2123 stuporesurrexeraut.
1140 2058 1283 2120 Virgilius:

183 2136 298 2197 germani
318 2143 418 2198 petant.
453 2136 715 2200 Parauragnaopimo
752 2135 911 2199 ‘Obstupui,
938 2144 1120 2201 steteruntque
1138 2149 1228 2193 comae,
1256 2139 1283 2184 et

182 2211 265 2274 petris
281 2226 386 2274 eregno
401 2227 458 2261 urea
473 2221 523 2275 ert,
543 2213 623 2262 Pater
634 2213 715 2276 ipse:'
752 2209 1029 2263 voxfaucibuslraesit.'
1045 2214 1119 2262 Idem.

182 2287 444 2350 quirersushomines
456 2289 572 2338 eruditos
583 2289 659 2338 valde
671 2303 714 2337 ex·
784 2290 832 2335 255
850 2288 987 2352 Invitatque
994 2288 1068 2352 sequi]
1096 2287 1176 2338 Prius.
1195 2288 1282 2337 Vatic.

182 2362 281 2420 ereuit;
304 2378 362 2412 oum
378 2363 503 2413 hacteuus
515 2366 634 2428 legatur:
653 2365 716 2412 Poro
752 2371 779 2412 et
788 2365 900 2416 Lucens.
916 2367 1056 2429 irritatque.
1074 2369 1107 2416 D.
1119 2365 1210 2415 Heius.

96 2496 99 2501 .
181 2439 356 2502 mogrroputris
371 2440 458 2502 optimo
480 2455 582 2502 eregno
600 2455 652 2488 mea
670 2445 714 2488 est.
779 2443 1282 2505 238PorsPlrrpgs'e]Itusoriptiomues.

181 2511 216 2563 Ι).
230 2513 320 2562 Heius.
752 2515 859 2564 Frustra
877 2516 1066 2578 Raphelengius
1087 2517 1234 2579 Phrygiam,
1251 2531 1283 2565 ex

214 2592 264 2638 216
283 2589 399 2637 Presidet
426 2588 535 2652 Illyrico]
569 2589 635 2637 Haec
652 2603 714 2638 vera
752 2590 800 2639 viri
811 2590 915 2639 maximi
924 2591 1083 2652 conjectura.
1101 2590 1167 2638 Post
1175 2591 1282 2653 obprox-

181 2663 269 2726 lectio,
288 2678 364 2728 quam
384 2665 492 2712 Luceus.
509 2664 614 2726 Regius,
627 2664 713 2729 Oxou.
750 2663 799 2712 ime
810 2663 1026 2727 distinguendum,
1047 2666 1114 2728 quod
1126 2667 1196 2714 illum
1208 2665 1282 2715 fefel-

182 2739 258 2802 priru.
279 2739 365 2788 Vatia.
380 2745 416 2789 -et
436 2746 489 2787 tres
506 2739 548 2787 alii
561 2748 714 2802 agnoscunt.
751 2739 797 2788 lit:
810 2754 859 2788 neo
879 2754 944 2802 opus
963 2740 1070 2803 Bithyno
1090 2748 1135 2788 aut
1156 2741 1281 2803 Bithynis.

181 2812 315 2877 Illyricum
328 2813 395 2861 euim
408 2814 523 2863 absolute
536 2815 638 2864 dicitur.
671 2815 714 2864 Sic
752 2815 834 2865 Paulo
854 2823 913 2880 post
926 2830 973 2878 pro
986 2817 1045 2871 eroe
1062 2818 1121 2864 loeoa
1138 2817 1282 2864 Delriuset

181 2887 251 2938 bello
272 2888 333 2937 Get.
354 2889 410 2938 ‘At
436 2905 504 2938 nuno
522 2890 624 2954 Illyrici
645 2899 714 2954 post·
752 2892 899 2941 Gronovius
908 2891 1282 2954 leaotjamlegendumruouue·

184 2978 259 3028 oriam
279 2965 340 3013 mihi
358 2966 452 3014 tradita
468 2966 545 3028 jura.'
579 2968 638 3016 Lib.
649 2980 668 3016 1.
681 2967 714 3017 de
751 2972 890 3015 runt:uec
902 2968 977 3015 aliter
990 2968 1102 3030 potiores
1114 2966 1213 3028 scripti.
1237 2967 1281 3013 Vi·

182 3041 252 3090 laud.
280 3041 380 3089 Stillelr.
414 3042 569 3104 ‘illyricum
595 3044 715 3104 peteres!
752 3039 834 3088 direx
855 3047 927 3103 parte
947 3056 1033 3089 veram
1052 3057 1152 3105 quoque
1170 3042 1281 3103 scriptu·

182 3116 326 3174 Cluverius,
344 3116 544 3179 Raphelengius‚
555 3125 582 3165 et
601 3118 714 3182 quinque
751 3128 806 3163 ram
819 3116 946 3165 Barthius.
964 3117 1052 3164 Laude
1072 3118 1192 3166 Serenae:
1210 3118 1282 3181 ‘pri-

181 3191 274 3255 soripti
295 3191 412 3240 Proeas'det
442 3192 554 3256 Illyricis.
588 3192 638 3241 Sed
660 3200 713 3241 tum
750 3203 793 3238 uro
804 3191 875 3239 levat
887 3204 991 3254 aequore
1001 3192 1079 3239 solem
1089 3192 1221 3240 lndiaztu
1231 3190 1282 3242 fes·

182 3261 423 3330 Illyr'u'islegenduui.
442 3268 563 3330 Propert.
575 3268 640 3316 ‘Dic
651 3269 713 3316 alias
751 3281 791 3316 sos
801 3276 892 3317 exacta
903 3271 961 3317 luce
969 3269 1071 3331 jugales
1082 3268 1200 3316 Proluis.’
1212 3270 1283 3320 Quo·

181 3341 275 3391 lterum
287 3342 390 3404 naviget
400 3342 520 3406 Illyrius!
538 3344 635 3392 caeteri
648 3345 714 3392 Proe·
749 3343 826 3392 modo
850 3342 998 3406 legendum,
1025 3358 1075 3391 uon
1102 3346 1181 3392 lasau:
1208 3344 1281 3394 locus

181 3419 368 3484 ridetlllyriros.
403 3410 498 3486 Vulgo,
510 3422 617 3470 Possidet
629 3422 713 3485 Illyri-
750 3427 887 3481 corruptus
905 3433 996 3481 niagno
1009 3420 1160 3468 casaubono
1176 3435 1283 3483 persna-

183 3510 231 3545 cos.
248 3495 332 3544 Idem.
448 3525 451 3530 -
749 3494 784 3543 sit
808 3495 956 3543 Comment-
978 3495 1005 3542 iu
1023 3495 1152 3556 Persium,
1174 3501 1203 3544 ut
1222 3511 1282 3558 pro·

208 3571 332 3628 ‘Presidet
350 3572 467 3637 illyricis]
494 3573 543 3623 Ha
566 3573 634 3622 enirn
655 3587 712 3634 pro·
749 3574 821 3620 luere
843 3567 900 3635 plus
919 3587 976 3621 esse
998 3575 1126 3634 crederet,
1148 3589 1223 3637 quam
1247 3576 1282 3622 la-

181 3641 275 3696 rluoiae
287 3650 423 3711 assignatae
433 3656 508 3699 eraut
519 3649 634 3700 Alarico.
650 3650 713 3714 Ipse
749 3661 828 3696 verer
850 3647 919 3712 etqui
930 3650 1059 3711 proluere,
1077 3650 1169 3697 leviter
1185 3650 1281 3700 lavare.

181 3722 303 3787 loquitur,
313 3724 382 3773 bello
391 3725 541 3786 Getioo‚vs.
552 3730 608 3789 545.
618 3729 625 3754 ‘
635 3740 712 3788 nune,
750 3722 829 3773 ovid.
841 3724 866 3771 iu
885 3725 954 3773 Fast.
972 3726 979 3751 ‘
993 3725 1080 3772 niveos
1099 3725 1171 3772 Luna
1187 3725 1283 3775 levarit

181 3798 283 3864 lllyrici
305 3807 438 3863 postquam
455 3801 516 3848 mihi
533 3799 629 3849 tradita
643 3800 712 3863 jura,
749 3799 847 3863 equos?
897 3799 968 3848 Male
994 3800 1082 3848 maurit
1109 3799 1283 3851 Passeratius.

181 3874 280 3938 Meque
291 3889 362 3924 sirium
374 3874 462 3926 ferere
482 3875 584 3938 (lucem,
598 3883 641 3949 tot
649 3879 712 3938 tela,
749 3874 825 3923 Idem

182 3952 315 4009 toteuses,
324 3952 376 3999 Tot
388 3953 484 4014 galeas,
494 3953 576 4001 multo
586 3953 712 4002 Thracum
781 3953 831 3998 240
849 3950 909 4004 Quoe
927 3950 1000 4012 level]
1026 3949 1151 4014 Loquitur
1179 3957 1281 4012 partem

180 4020 277 4070 sudoro
289 4025 395 4084 peravi!
413 4026 502 4075 Borll.
750 4023 872 4087 Phrygias
885 4023 988 4074 Orienti
1000 4026 1145 4074 obversam.
1178 4027 1227 4074 Est
1238 4041 1281 4076 ve·

215 4099 262 4145 221
282 4096 399 4162 Reprids]
410 4101 537 4150 Mazarin.
546 4100 663 4165 Despicis.
679 4101 712 4151 D.
750 4114 780 4148 ro
802 4098 980 4162 imperfectior
1000 4103 1056 4149 haec
1086 4102 1226 4165 descriptio
1248 4104 1282 4152 ob

184 4169 277 4224 Heius.
749 4182 805 4226 tum
813 4182 945 4226 exstantes
953 4177 1281 4242 Chorograplricastabulas
