2662 4696
189 344 275 409 1020
334 356 443 406 ΝΟΜ
467 356 672 404 vsatoaunt
698 355 738 403 ΙΝ
763 356 819 405 GL.
842 353 984 406 chaun.
1009 352 1145 405 xxxtt.

189 502 286 566 patrias
297 500 392 567 dicata
401 500 532 550 Danubio.
549 499 639 548 Booti.
758 499 877 563 spolium.
892 498 980 548 Booti.

222 581 268 626 lat
286 575 328 625 Sic
346 591 407 625 soor
427 578 463 624 sio
480 580 556 624 muer
572 575 632 637 eris]
649 573 720 623 Maio
792 577 840 623 139
857 573 1089 636 Dinitetoligeros]
1103 574 1218 637 Aligeru.
1229 575 1295 624 Mox

189 667 243 709 em
253 665 292 700 sic
300 651 369 714 apud
380 649 458 699 Ovrd
470 651 559 699 Fast.‘
568 651 663 712 Sospes
674 663 719 698 sas
759 650 861 712 respersi
880 664 928 715 pro
943 649 1046 712 δωρεαί
1062 664 1122 699 cum
1141 649 1225 703 libris.
1258 651 1292 700 D.

187 740 340 790 semperque
362 724 473 789 parens!
507 724 644 774 Adeautur
662 739 719 789 quae
762 725 847 775 Heius.

189 814 308 854 notamus
327 803 361 851 ad
380 802 531 866 Epicediam
543 803 625 851 Drusi
639 803 719 850 Naso·
793 803 840 849 140
856 799 958 862 AEthos]
974 777 1088 850 liomius
1107 815 1122 848 s
1140 752 1209 849 Solis
1219 799 1289 865 equis

189 884 302 943 nianom,
320 884 377 930 tta.
396 888 424 929 ct
447 880 513 928 iibro
536 893 567 929 ιι.
586 879 613 927 tn
625 880 719 927 Eutro
758 875 826 941 apud
839 875 961 925 Ovidium
972 883 1099 926 mutuata.
1117 876 1248 927 amu

188 961 269 1021 pirum,
293 960 350 1006 157.
372 956 406 1005 de
424 953 543 1016 formula,
563 955 597 1003 sic
615 959 663 1003 eot-
681 955 717 1002 D.
791 954 839 999 lta
855 951 920 998 Paro
937 951 1014 1014 melle]
1030 952 1090 1000 Nou
1103 949 1228 999 admixtis
1248 964 1286 999 ve·

189 1033 283 1083 Heius.
564 1066 567 1071 ,
758 1026 906 1089 ueniaque
917 1040 975 1074 enm
985 1026 1060 1075 metis
1069 1039 1174 1074 armare
1186 1026 1237 1076 tola
1245 1039 1285 1074 eu·

220 1109 348 1157 &creater
357 1106 416 1169 eris]
442 1106 521 1155 Ratio
543 1105 640 1168 optima
662 1119 719 1170 per·
758 1101 1282 1167 pidioummemoratNuptiisHonorianIs

188 1184 313 1237 suadendi
344 1197 476 1234 assensum
506 1183 534 1232 iu
560 1182 719 1247 virginitatis
757 1180 833 1230 idem.

593 1495 899 1511 m

651 1713 824 1783 XXXII.

231 1975 309 2051 DE
329 1975 510 2052 RAPTU
535 1974 799 2053 PROSERP.
820 1972 928 2051 ΠΒ.
948 1972 985 2050 1.
1006 1971 1243 2051 PRAEFAT.

221 2240 325 2290 Posset
341 2241 391 2296 hoc
409 2238 493 2290 ἀτελὲς
510 2249 539 2290 et
558 2241 672 2290 mutilum
686 2240 718 2289 sd
760 2241 823 2302 rius,
839 2247 868 2289 ut
879 2240 1048 2304 jureconseri
1058 2239 1141 2304 possit
1152 2239 1281 2291 decorihic

189 2330 235 2365 uos
252 2317 380 2379 pervenit,
401 2324 430 2366 ut
449 2325 478 2366 et
493 2317 544 2366 slia
555 2317 675 2366 nonnulla
686 2331 718 2365 ex
759 2331 810 2364 non
829 2316 903 2364 valde
922 2315 1061 2377 studiosas,
1076 2321 1104 2364 et
1123 2316 1159 2367 ad
1174 2323 1282 2380 satyram

188 2391 325 2440 Claudiani
335 2392 465 2454 operibus.
498 2393 603 2455 Raptum
620 2393 719 2440 Proser·
759 2390 912 2454 quandoque
924 2391 1072 2440 descendat.
1081 2392 1214 2442 Caeterum
1223 2393 1282 2454 Res

184 2467 250 2530 piaoe
267 2474 367 2526 auctor,
389 2473 463 2529 puto,
482 2467 658 2531 inscripserat,
668 2482 719 2515 rien
758 2467 849 2516 tsshic
862 2467 927 2516 inv.
936 2466 1092 2517 Cl.Patricii
1102 2467 1179 2517 Juoii
1190 2467 1284 2528 codice,

186 2545 216 2592 de
237 2545 341 2605 Ropts,·
369 2543 437 2604 quod
460 2542 627 2592 barbarorum
650 2559 717 2593 corn·
758 2542 785 2591 in
799 2549 909 2605 utroque
920 2543 1173 2605 Osoniensi,priore
1182 2542 1284 2600 Mureti,

186 2625 310 2666 mentum.
334 2616 377 2664 Sic
398 2616 498 2676 ditatio,
515 2618 595 2679 Fasti,
611 2619 718 2678 Amores,
758 2618 903 2680 Puteaneo,
919 2619 1009 2681 Regio,
1025 2618 1107 2668 tribus
1129 2618 1284 2680 Petaviauis,

185 2694 237 2740 Ars
251 2691 376 2752 amatorio,
397 2700 424 2738 et
445 2691 546 2754 similia,
565 2692 633 2754 apud
656 2693 717 2742 Ovi·
758 2702 868 2758 quatuor
878 2694 1016 2755 Mediceis,
1025 2695 1175 2744 Florentino
1183 2697 1210 2745 S.
1220 2695 1284 2745 Mar·

186 2766 266 2830 dium,
282 2781 333 2815 non
344 2769 373 2816 de
395 2767 518 2823 Tristibus,
537 2771 566 2816 de
577 2768 667 2830 Fora,
679 2775 717 2817 at·
758 2770 791 2831 ci,
805 2771 970 2832 Bononiensi,
986 2780 1013 2819 et
1029 2770 1129 2819 dnobus
1141 2770 1285 2820 Ambrosia·

187 2858 238 2909 qus
248 2844 287 2894 ita
298 2859 381 2908 porro.
414 2844 444 2892 L.
455 2845 525 2893 Juais'
538 2846 659 2893 Moderati
672 2847 717 2892 Co·
757 2847 805 2907 nis,
815 2846 896 2894 tribus
907 2845 1040 2895 Vaticanis
1049 2854 1077 2895 et
1088 2846 1212 2896 Palatino
1221 2847 1283 2908 loge-

185 2923 285 2973 tumetra
302 2922 348 2970 Rei
364 2921 666 2984 Rusticoeiibros,nonde
679 2922 717 2971 Re
756 2919 841 2970 batur.
875 2922 906 2970 ln
919 2921 1284 2987 excerptisquoqueGyraidi

78 2998 93 3017 ''
185 2998 295 3060 Rustico,
304 2997 415 3060 optimus
433 3012 464 3046 ac
477 2998 663 3046 vetustissimus
675 3011 716 3046 co·
755 3004 782 3045 ct
795 2997 904 3047 Livineii
915 2999 1048 3049 Vaticanis
1060 2999 1187 3049 extabat:
1208 3012 1285 3063 quan·

125 3092 131 3103 ·
185 3073 237 3123 dex
258 3074 286 3122 S.
309 3072 434 3121 Germani
448 3073 579 3122 Parisinus
591 3073 715 3122 inscribit.
756 3088 832 3136 quam
842 3074 916 3136 prim.
928 3075 1055 3124 Vaticano
1065 3075 1153 3124 codici
1163 3089 1238 3124 manu
1250 3090 1284 3124 re·

60 3128 64 3135 Ι
86 3150 93 3163 ’
185 3149 336 3197 Florentino
348 3147 495 3195 dedicatum
503 3149 553 3197 hoc
565 3149 716 3211 opusculum
755 3149 870 3197 centiore
882 3150 1283 3214 podonatinnrhoceratadscrip·

185 3239 220 3273 cx
232 3221 391 3272 Prasstione
403 3223 470 3271 libro
482 3223 594 3272 secundo
605 3214 717 3286 psaeiuis·
759 3230 829 3283 tnm3
848 3223 875 3272 in
894 3224 1000 3285 reliquis
1012 3223 1146 3273 codicibus
1157 3224 1285 3274 desidera·

184 3290 387 3361 sacoiiigimns;
406 3306 436 3347 ut
455 3299 558 3346 omnino
579 3298 640 3346 mihi
660 3314 717 3361 per·
758 3299 844 3347 batur.
878 3298 965 3348 Habui
973 3307 1102 3362 praterea
1111 3300 1191 3349 alium
1203 3301 1284 3350 Patri·

185 3375 319 3436 suadeam,
345 3374 405 3423 hinc
425 3389 538 3423 errorem
558 3373 717 3438 quorundam
758 3372 791 3422 cii
808 3373 881 3422 Jnuii
899 3373 1025 3437 codicem,
1042 3376 1120 3423 alium
1137 3376 1202 3425 item
1211 3379 1285 3426 Peta-

184 3447 347 3515 profloxisoe,
360 3449 405 3513 qui
422 3449 591 3499 Claudianum
612 3450 717 3499 Floren-
757 3451 870 3512 sianum,
889 3449 953 3500 duos
972 3451 1120 3511 Vossianus,
1132 3453 1196 3503 duos
1207 3468 1284 3517 meos,

186 3527 267 3577 tinum
279 3524 359 3575 fuisso
370 3527 494 3590 suspicati
506 3526 558 3576 sint
568 3543 576 3587 ς
588 3541 646 3576 onru
655 3527 717 3575 nihii
757 3525 820 3574 duos
831 3526 979 3588 Vaticanus,
996 3542 1073 3576 onum
1089 3530 1121 3576 V.
1132 3520 1172 3579 ct.
1182 3531 1282 3579 Thomu

186 3609 239 3652 tam
251 3608 349 3650 certum
370 3603 412 3663 sit,
430 3617 507 3666 qnam
519 3602 544 3650 in
563 3603 677 3666 AEgypto
688 3610 716 3651 et
755 3602 910 3662 Barthoiini,
928 3604 953 3650 in
964 3603 1056 3666 quibus
1067 3603 1228 3665 poematium
1238 3605 1283 3654 hoe

185 3678 290 3744 quidem
304 3679 580 3728 Alexandrianatunr:
597 3679 667 3742 quod
676 3695 715 3728 ar·
754 3684 862 3740 tantum,
872 3679 975 3728 caeteris
984 3679 1117 3728 Claudiani
1126 3681 1234 3744 omissis,
1243 3695 1283 3729 cx·

184 3755 314 3822 gementis
334 3756 420 3804 multis
437 3756 549 3804 evincis
564 3771 604 3805 me
617 3764 714 3819 posset,
753 3754 895 3804 hiberetnr.
913 3755 1126 3804 Florentinohaec
1141 3757 1284 3811 inscribunt

184 3833 234 3883 nisi
250 3832 293 3882 olii
313 3831 339 3880 id
353 3831 409 3894 jam
421 3831 613 3894 praestitissent.
646 3832 714 3884 Quid
754 3831 853 3893 vulgati
868 3831 980 3891 codices,
988 3831 1054 3896 quod
1063 3830 1156 3894 scripti
1167 3846 1219 3881 non
1227 3845 1283 3881 con·

185 3909 253 3976 quod
275 3908 463 3957 Alexandrinos
481 3908 656 3957 dicacissimos
674 3905 714 3955 fu·
754 3904 867 3954 firmant.
883 3907 918 3955 D.
932 3907 1016 3956 Heina

184 3987 236 4037 isse
253 3985 370 4033 constat?
388 3999 438 4047 qua
455 3984 480 4031 in
492 3998 520 4033 re
533 3992 585 4032 tans
597 3982 714 4031 assiduus
786 3982 976 4045 Argumentum
989 3978 1064 4046 disjus
1082 3983 1282 4047 Epigrammata

185 4066 227 4109 est
247 4066 345 4121 noster,
366 4074 416 4108 non
436 4067 535 4108 tantum
547 4060 572 4107 in
587 4060 715 4121 epigram·
755 4066 804 4119 est,
816 4058 924 4108 Poetam
937 4059 1040 4108 minutis
1053 4066 1080 4108 et
1096 4061 1170 4111 velut
1187 4066 1281 4111 extem·

185 4135 271 4197 matis,
291 4136 477 4184 verumetiam
497 4136 522 4184 in
535 4135 714 4198 versibusepi-
755 4134 885 4197 penalibus
905 4136 1031 4184 hactenus
1053 4134 1189 4185 Podmatis
1207 4136 1282 4199 open

151 4206 156 4225 '
185 4207 465 4275 cis,etobin1axinse
485 4211 714 4282 debsrctsssese·
753 4210 827 4277 dats,
855 4209 1037 4264 confirmatum
1063 4211 1166 4279 Fama,
1187 4211 1284 4285 audere
