2662 4696
111 297 200 381 ama
282 308 393 368 noua
414 314 616 366 vanioreuu
641 313 680 366 ru
705 315 763 367 ea.
786 302 928 396 casnm
949 304 1071 367 xxxi.

109 465 288 526 reliacomptn.
321 461 457 525 adscripsi
475 459 645 523 religiosedi·
713 462 745 509 33
765 459 862 509 ΝΜ
876 459 980 509 cinxisse
994 458 1082 523 cubile]
1103 452 1217 510 simiae

111 557 199 592 versor
216 540 335 590 codicum
351 538 485 598 lectiones,
505 544 535 587 ut
553 538 645 586 alienia
680 535 741 585 librl
760 550 819 585 cnm
839 537 962 597 Bartbi03
988 535 1027 584 aie
1048 541 1076 584 et
1098 535 1216 586 ‘sociare

112 631 215 682 quoque
227 613 467 678 conjecturisloeus
479 619 557 661 esset.
578 612 646 661 ruini
681 611 794 675 cubilia,'
817 612 896 663 oud.
917 613 986 662 Stat.
1004 609 1225 677 Epimaranitae

111 695 227 756 impense
249 693 345 755 placet,
364 691 441 754 three
457 692 508 737 erat
527 689 645 750 indigesta
680 689 771 752 ‘Ergo
780 689 890 753 adjunge
902 695 972 739 toros
984 696 1064 754 atque
1076 688 1133 739 otia
1143 682 1214 740 dem'e

111 773 196 821 manua.
219 766 459 816 Helmaeatadieuais
478 780 492 814 a
512 779 587 814 manu
606 779 644 813 se·
676 764 814 829 juventa!
841 767 877 815 D.
890 766 976 814 Heius.

112 843 207 905 cunda,
220 844 299 905 thue
309 842 362 901 fait
376 842 471 903 impexo
486 854 570 888 mnas.
590 841 644 888 Pro
713 848 744 893 33
765 847 880 895 attollere
889 845 976 908 tedes]
993 845 1176 896 Produceudis
1190 841 1217 897 in'

111 920 208 970 maora
223 920 327 983 capillos,
337 931 371 966 ne
391 917 430 966 bis
445 916 514 965 idem
534 914 644 974 dicetur.
681 920 830 985 conjugium
855 923 928 972 novis
948 923 1046 985 nuptis.
1089 921 1215 974 Alienatis

112 996 259 1047 Oieelianus
281 995 377 1044 turbata
394 994 501 1056 pupillor-
542 992 645 1040 Deinde
680 998 750 1046 enim
770 998 871 1049 facibus
895 1001 1119 1065 producebantur,
1137 1008 1168 1053 nt
1185 998 1218 1053 ‹le'

111 1076 216 1136 magii
231 1072 314 1120 stratu
331 1085 383 1120 nou
394 1069 504 1129 exsurgit
515 1069 541 1118 in
554 1070 644 1131 pleris-
681 1073 779 1122 duabus
788 1075 907 1125 domibus
916 1078 1088 1128 convenirent
1097 1079 1125 1128 in
1134 1094 1215 1144 unam,

110 1165 163 1216 que
174 1146 367 1198 vetustioribus.
392 1147 426 1194 D.
439 1145 525 1193 licina.
682 1148 714 1197 de
733 1148 837 1200 familiis
851 1153 1060 1204 constituendam
1077 1171 1159 1206 unam
1173 1170 1215 1207 no·

123 1226 273 1287 'Interiectu
297 1223 384 1286 mmm]
417 1223 507 1284 Coma,
535 1220 644 1284 capillus
681 1240 747 1275 vam.
773 1228 863 1278 Barth.

111 1303 206 1352 &naus
216 1300 418 1351 arat-involutus:
437 1297 573 1360 rumesta,
583 1297 645 1361 quia
713 1305 746 1351 34
765 1303 880 1367 Plotoao]
895 1303 1015 1354 Omnium
1028 1307 1152 1358 arborum
1166 1323 1215 1359 um·

111 1380 177 1429 alius
195 1378 328 1427 cincinnus
345 1375 420 1426 alteri
443 1381 500 1424 erat
520 1373 643 1437 interjec·
680 1374 837 1427 briferarum
849 1381 1013 1430 nobilissima.
1040 1382 1121 1434 Idem.

110 1461 200 1519 tanet
211 1454 287 1504 orbes
302 1467 353 1502 non
370 1450 454 1501 suffixi
473 1451 576 1501 orbibus
596 1464 644 1513 per
714 1457 745 1502 35
763 1455 904 1522 inequales]
925 1456 1135 1509 suceedentibus
1153 1473 1214 1509 sam·

109 1543 181 1594 anna,
191 1540 221 1582 nt
233 1533 319 1583 solent
330 1529 502 1593 negligentes.
522 1528 610 1577 Booti.
680 1541 728 1591 per
737 1529 905 1594 longioribus.

125 1615 177 1660 -33
192 1609 330 1671 Sentiumque
339 1607 440 1670 requirit
451 1605 556 1668 Agrum]
567 1605 645 1654 Prior
717 1605 832 1670 Tenebat]
855 1608 996 1672 iungebat,
1016 1615 1046 1662 ut
1063 1615 1157 1662 texere
1173 1622 1214 1660 aa·

109 1684 209 1737 Moreti
227 1688 363 1746 revocetque
378 1696 481 1744 morum,
501 1680 547 1744 sed
566 1695 643 1729 mann
681 1697 735 1733 ves.

110 1761 222 1823 receuti,
235 1766 265 1809 ut
284 1758 478 1822 interpolatoris
493 1757 644 1819 figmentum
713 1757 820 1821 Aemus]
835 1759 918 1810 Caene
939 1775 1027 1811 omnes
1046 1761 1158 1813 frutices
1172 1765 1215 1813 ant

110 1851 167 1889 esee
183 1836 262 1886 facile
280 1841 423 1899 appareat:
442 1834 546 1883 admisit
558 1840 644 1883 tamen
681 1835 784 1896 herbas,
795 1851 854 1900 quae
870 1835 954 1886 inflari
973 1847 1091 1901 possunt,
1102 1845 1133 1889 ut
1149 1839 1214 1889 cicu-

110 1913 192 1964 uimia
212 1911 342 1961 facilitate
370 1910 568 1973 Rapbelengius.
612 1911 644 1960 In
682 1918 765 1960 tarum
776 1912 853 1960 etiam
865 1927 914 1962 voa
926 1915 1044 1965 sumitur.
1070 1917 1161 1967 Bortlr.

108 1987 167 2038 allis
177 1988 310 2053 plerisque
322 1985 427 2049 scriptis
441 1991 487 2035 ant
499 1987 593 2034 lacerna
606 2000 644 2035 re·
713 1991 745 2035 36
763 1987 932 2052 Maenaliosque
951 1990 1041 2053 modos]
1078 1991 1214 2054 Arcadios,

109 2066 184 2126 licta,
204 2070 250 2113 ant
271 2076 348 2112 manu
367 2062 451 2111 miuus
471 2067 644 2127 vetustasup-
681 2062 715 2112 ob
727 2063 826 2112 Panem
843 2062 955 2128 Arcada,
966 2067 1009 2130 qui
1030 2065 1162 2133 Princeps
1179 2074 1216 2118 tu·

110 2140 274 2206 pletaerant.
308 2140 387 2188 Certe
407 2137 483 2201 prim.
500 2138 643 2188 Vaticanus
681 2138 936 2203 torquebatularum.
970 2141 1046 2192 Idem.

110 2215 236 2280 omnium,
256 2229 318 2279 quos
335 2214 392 2276 ipse
408 2214 520 2277 inspexi,
536 2214 644 2263 veterri-
713 2222 745 2268 37
769 2218 871 2280 Orieque
891 2219 999 2282 recursa]
1026 2217 1104 2268 Licet
1125 2220 1216 2271 notare

110 2305 178 2352 nna,
186 2291 293 2339 lacunas
305 2289 396 2353 passim
407 2289 434 2337 iu
445 2287 495 2337 boe
507 2287 644 2338 Poematio
681 2299 798 2342 veterum
817 2294 1008 2356 simplicitatem
1022 2293 1051 2342 in
1061 2307 1110 2343 usn
1120 2293 1217 2361 fistulae

48 2375 51 2379 ·
109 2366 254 2433 prodebat:
284 2372 386 2429 septem
404 2364 486 2414 nostri
508 2379 566 2431 curn
587 2365 645 2413 Cla·
682 2383 748 2430 rrum,
761 2358 823 2433 quas
844 2384 894 2418 non
912 2382 975 2418 uum
990 2368 1100 2418 diversis
1116 2367 1217 2419 forami·

109 2444 215 2513 veriano
230 2443 336 2506 internae
352 2455 446 2490 omrem
461 2443 552 2503 Agmea
568 2446 591 2490 et
607 2442 644 2489 ia·
681 2445 756 2494 nibus
781 2444 915 2507 inflabant,
933 2445 979 2494 sed
1002 2459 1048 2494 oro
1069 2446 1216 2508 'seeundum

109 2535 217 2570 minema
237 2519 394 2582 Hymenaeum
420 2519 505 2582 φωνὴ
529 2519 644 2567 Amores:
682 2535 771 2569 sonum
786 2520 927 2570 tollendum
938 2528 982 2570 aut
993 2521 1228 2586 premendum‚le·.

111 2603 198 2661 quart.
214 2595 300 2644 Vatic.
317 2595 578 2658 proculeccesonorum
594 2594 645 2653 Ag·
682 2594 778 2658 gabant
800 2597 868 2658 ipsas
896 2597 1004 2657 cicutas,
1021 2595 1077 2645 sive
1102 2596 1215 2660 tubulos,

109 2682 170 2720 mea.
187 2671 218 2718 In
227 2669 367 2719 Viennensi
380 2677 439 2732 post
450 2670 566 2717 lacunam
577 2670 645 2730 prio·
681 2671 785 2733 quinon
797 2671 848 2719 alla
861 2673 959 2720 ratione
971 2672 1059 2721 modos
1070 2673 1217 2735 variabant,

110 2748 135 2796 ri
153 2761 229 2795 versu
246 2748 381 2795 relictam:
400 2744 647 2806 ladeperimmeusos
682 2761 759 2810 quiam
779 2747 849 2810 quod
875 2750 958 2798 sltem
976 2751 1044 2798 alter
1066 2755 1138 2800 esset
1161 2750 1216 2801 bre·

110 2818 268 2884 Hymenaeum
278 2823 364 2884 querit
374 2834 470 2869 umores.
497 2819 644 2882 Proqnoerit
682 2819 744 2868 vlor.
770 2821 844 2870 Idem.

111 2895 221 2961 Gyrald.
244 2905 272 2947 et
294 2900 402 2947 ercens.
430 2898 522 2960 poseit,·
555 2904 642 2944 recte:
714 2900 745 2945 38
762 2896 886 2946 Dissimili
900 2897 1003 2960 tenuem]
1020 2897 1170 2949 Dissimilem
1181 2903 1228 2964 te«.

110 2973 170 3024 vide
181 2990 239 3040 qnae
250 2982 368 3024 notamus
380 2975 414 3022 de
433 2989 464 3023 eo
483 2973 564 3022 verbo
582 2974 599 3022 l.
612 2985 643 3021 11.
681 2973 723 3021 nni
733 2973 807 3036 prim.
818 2974 906 3025 Valic.
916 2981 944 3023 et
957 2972 1075 3023 ilmbros.
1091 2981 1123 3024 ut
1140 2974 1219 3024 tensis

109 3049 136 3100 in
156 3049 242 3100 Rulln.
262 3055 320 3100 398.
345 3050 537 3112 Rapbelengins
553 3056 645 3098 contra
681 3064 754 3098 onena
776 3048 846 3113 apud
870 3051 961 3113 Virgil.
995 3051 1061 3100 Mox
1076 3049 1144 3113 fietu
1168 3057 1221 3116 pro'.

109 3125 220 3187 scriptos
231 3126 255 3173 iu
266 3126 370 3190 numeria
380 3126 481 3172 Amoris.
505 3125 644 3172 Proiuter·
680 3128 748 3190 lapsu
767 3133 821 3190 opt.
845 3127 966 3177 Ambros.
987 3133 1015 3176 et
1034 3128 1111 3190 prim.
1130 3127 1216 3179 Vatia.

109 3214 154 3264 pse
165 3214 259 3247 suorum
270 3200 378 3247 Lucens.
401 3199 546 3260 Hymenaeus
559 3198 580 3245 it
596 3213 642 3246 om·
681 3209 735 3251 tum
753 3217 800 3266 pro
817 3202 922 3251 diversa
932 3202 1046 3252 lectione
1058 3201 1215 3275 Oiselianns.

109 3288 148 3323 ae.
174 3275 246 3336 Lego
263 3273 368 3321 minima
383 3273 527 3322 mutatione
538 3280 566 3321 et
577 3273 643 3336 opti·
680 3278 818 3328 Adeantur
829 3294 887 3343 quae
898 3285 1016 3327 notamus
1031 3278 1065 3327 ad
1076 3277 1220 3343 Nasonem,

110 3357 258 3404 niosenau:
278 3353 459 3418 Hymeuaeouet
473 3354 644 3414 ornneAgmen
682 3355 872 3405 Fast.vr.i⁰l.
896 3356 930 3403 D.
941 3354 1026 3404 Heius.

109 3433 277 3479 etianumeros
288 3431 433 3493 rrumenaeon
443 3429 519 3492 poscit
529 3427 643 3478 Aumresr
713 3434 745 3481 41
770 3432 846 3480 Dulce
863 3430 951 3480 micant
973 3429 1045 3493 oculi]
1084 3431 1230 3492 Laudibus<

110 3507 393 3556 aecusativusGraecus
409 3507 643 3567 lococorrumpen·
682 3507 784 3559 Serenae
798 3506 916 3570 Reginae.
945 3506 1035 3554 Boetia.

110 3583 144 3633 alo
155 3584 316 3632 occasionem
327 3581 410 3631 dedit.
442 3581 479 3630 D.
494 3582 578 3630 Heim
714 3581 832 3643 [meamet
846 3581 910 3644 igne]
927 3581 1053 3630 interserit
1073 3582 1217 3647 Lucensis;

142 3663 173 3708 31
193 3658 390 3722 Μιιεαμπίίιιηι]
406 3657 578 3723 Hymenaeum
588 3655 643 3705 fere
681 3659 725 3707 alii
740 3659 818 3725 etiam
830 3658 901 3719 igne:
917 3655 986 3706 forte
1002 3657 1079 3706 nioeia
1094 3658 1216 3711 interserit

110 3743 194 3787 totum
212 3750 269 3784 cum
290 3736 340 3783 suis
353 3727 401 3783 sibi
413 3734 551 3794 natalibus,
562 3733 643 3796 cultu,
679 3734 759 3797 ignem
768 3733 1060 3796 Solquepndorpuegenis.
1077 3734 1111 3783 D.
1120 3734 1217 3800 Heius.

109 3813 256 3879 officioque,
283 3813 477 3876 Epigrammate
501 3812 644 3861 declaravit
712 3815 745 3858 42
763 3809 858 3873 Solque]
878 3810 954 3858 Calor
973 3808 1036 3870 diei,
1049 3824 1127 3874 quern
1144 3809 1236 3876 fuge.

109 3891 256 3940 Martianus
269 3889 385 3953 Capella.
553 3919 555 3924 -
681 3895 722 3936 rat
732 3887 829 3935 Venus.

22 3961 25 3965 ’
127 3968 234 4017 'Ducem
254 3966 369 4028 Proefeeit
390 3965 514 4028 tlsulomie]
546 3964 643 4028 Hyme·
716 3961 838 4023 Ueiorum]
856 3960 1049 4010 inumbrantem
1071 3960 1158 4023 potina
1171 3975 1214 4029 gn·

52 4092 59 4096 ,
109 4041 160 4090 nael
171 4048 358 4091 nomenortum
369 4056 402 4089 ex
415 4039 643 4090 acclamationibus
681 4043 966 4101 nasqrramtegentem.
990 4034 1078 4083 aaut.

109 4114 316 4179 faustis,quibus
337 4117 363 4163 in
383 4115 531 4179 conjugium
548 4128 643 4162 conve·
712 4117 743 4162 43
774 4110 900 4174 Silentem]
928 4110 1086 4160 Reverentia
1107 4107 1215 4164 Domini

110 4189 211 4238 nientes
233 4189 315 4238 omnis
336 4187 486 4255 Antiquitas
505 4195 643 4254 prosecuta
680 4182 808 4242 Numinis.
834 4184 910 4239 idem.
1200 4249 1202 4252 ι

111 4270 160 4316 eat.
182 4266 272 4316 Bertlr.
711 4270 744 4317 46
761 4265 913 4328 Nimiumque
927 4264 1034 4328 pareatis
1046 4261 1156 4328 AErnnte]
1172 4261 1227 4313 Ino·
