2662 4696
114 981 612 1160 renuntians
633 983 1210 1104 nurnrouuru

395 1282 499 1374 cn.
537 1281 940 1394 annuorum,

111 1555 134 1600 r
156 1557 263 1605 nour.
280 1558 446 1605 uroonno
463 1560 601 1608 urruns
616 1559 886 1621 conscotinus
912 1559 958 1605 rr
982 1558 1006 1605 a
1029 1556 1141 1605 ouen.
1158 1555 1213 1604 ro.

156 1691 301 1737 urrrrr.
329 1693 499 1740 onsunno
529 1693 807 1757 rerumrerum,
836 1691 941 1742 nuuc
971 1692 1053 1741 1rso
1084 1690 1213 1740 rnnur-
1295 1664 1297 1668 ’

156 1823 274 1890 elluo
299 1824 466 1874 nuorron
492 1826 537 1874 nn
560 1826 601 1874 ru
628 1828 679 1876 rv.
703 1826 857 1876 merrus
883 1825 1077 1875 brunerus,

464 2072 865 2094 Μ

454 2209 516 2271 [nx
533 2210 595 2259 an.
611 2209 764 2260 nrrour.
781 2207 867 2271 iren]

442 2594 557 2654 AETAS
572 2597 655 2656 Lan.
672 2601 880 2665 1470-1510.

111 2737 218 2823 Posr
236 2765 358 2842 primam
391 2765 543 2836 Venetam,
568 2766 618 2825 uui
639 2764 815 2845 Dempstero
838 2775 1039 2837 memoratam,
1063 2767 1212 2828 Barnabas

152 2862 293 2922 Celsaous
319 2861 503 2921 Vioentinam
527 2876 550 2920 r.
575 2849 701 2932 entant,
722 2883 810 2940 quem
835 2863 983 2939 superavit
1010 2861 1115 2921 critico
1142 2883 1213 2922 curo

151 2956 305 3015 Thadaeus
329 2957 494 3033 Ugoletus;
528 2955 605 3014 unde
628 2956 693 3032 ejus
717 2955 812 3034 prima
834 2957 926 3016 editio
949 2956 1115 3016 Parmensis
1148 2977 1212 3016 vere

146 3055 289 3132 princepe
314 3055 445 3123 babetur,
468 3061 498 3110 et
521 3048 676 3128 aliquoties
699 3054 823 3130 repetita
836 3062 891 3113 est.
935 3041 1041 3113 Poemn
1061 3052 1098 3112 de
1112 3053 1212 3133 Raptu

151 3151 331 3226 Proserpinae
346 3148 558 3209 commentario
572 3146 726 3207 illustravit
739 3151 756 3210 J
759 3169 831 3210 auus
843 3150 1028 3210 Parrhasius.
1110 3229 1112 3232 Ι

116 3253 192 3331 1470
213 3249 268 3306 Ed.
296 3248 438 3323 Princeps
468 3262 491 3304 1.
516 3264 540 3304 s.
566 3246 679 3306 Veneta
704 3263 728 3304 1.
757 3248 940 3308 Memoratur
966 3248 1030 3308 haee
1057 3249 1165 3331 passim
1193 3267 1212 3306 a

149 3342 268 3402 Tboma
282 3344 460 3420 Dernpstero
484 3341 601 3401 innotis
616 3342 654 3401 ad
679 3343 860 3423 Corippum;
882 3343 1034 3403 dubitatur
1055 3351 1154 3402 autem
1175 3361 1212 3402 au

151 3458 228 3510 vere,
255 3459 322 3497 eum
346 3458 363 3496 a
385 3439 500 3498 nemine
521 3450 663 3517 praeterea
686 3441 747 3499 visa
768 3450 820 3499 aut
844 3447 1003 3498 memorata
1024 3439 1073 3522 sit.
1114 3438 1213 3497 Etiam
1260 3449 1263 3452 ’

151 3535 290 3594 Heinsius
312 3555 343 3593 se
357 3545 444 3612 negat
458 3535 575 3606 vidisse,
600 3545 630 3595 et
643 3534 702 3596 fide
717 3537 886 3614 Dempsteri
900 3555 963 3596 eam
978 3541 1211 3595 commemorat:

150 3651 205 3690 uec
219 3631 329 3689 babent
343 3631 478 3707 catalogi
491 3631 655 3689 nobiliores.
720 3696 721 3700 ,

117 3736 190 3788 1482
215 3727 365 3785 Vieentina
380 3743 404 3786 1.
416 3725 545 3784 Celsani:
568 3727 614 3785 Cl.
629 3723 785 3785 Claudiani
799 3745 889 3804 opera
901 3725 1075 3787 fol-Pinis
1088 3730 1212 3805 operum
1290 3722 1294 3730 ’

151 3824 199 3884 Cl.
214 3823 380 3894 Claudiani,
396 3842 462 3900 quae
477 3842 535 3882 non
548 3824 645 3882 minus
659 3821 805 3899 eleganter
820 3843 910 3900 quam
925 3824 1082 3901 diligenter
1092 3824 1213 3899 impres·
1235 3837 1237 3840 ·

151 3922 190 3980 sit
213 3919 343 3980 lacobus
366 3919 508 3978 Dusensis
538 3919 687 3978 Milesimo
715 3917 1000 3996 quadringentesimo
1028 3916 1211 3994 octogesimo

132 4019 134 4026 '
151 4016 284 4076 seeundo
308 4036 370 4076 sex.
384 4017 449 4075 Cal.
464 4017 481 4075 J
486 4035 535 4075 uu.
565 4013 664 4074 Habet
679 4010 757 4074 Bibl.
773 4007 916 4092 Gmtting.
931 3998 1069 4073 Praelatio
1083 4021 1129 4072 est
1141 4013 1211 4072 Bar·

125 4096 128 4103 ⁴
152 4113 238 4173 naboe
262 4111 379 4173 C'elsani
392 4112 429 4173 ad
456 4111 556 4172 Parth.
572 4106 716 4188 Pajellum
740 4106 879 4190 Equitem
901 4107 1099 4189 vicentinum,
1122 4127 1211 4188 quem
