2662 4696
114 285 201 350 1752
446 295 640 347 nncnusus
664 295 880 346 nnrrrouuu

151 448 269 520 poetam
284 438 544 500 candidissimum:
567 439 618 499 sed
635 439 748 498 mendis
770 438 930 498 innumeris
953 438 1154 519 denigratum,
1172 443 1207 502 bis

155 538 257 615 paucis
272 535 375 594 diebus
397 555 429 593 ea
445 554 504 612 qua
517 535 665 612 potuimus
680 533 830 611 diligentia
845 535 873 592 in
889 534 1041 611 pristinam
1050 539 1208 616 ⁸redegimus
1248 591 1250 608 ,

104 690 108 697 ,
155 633 355 708 majestatem:
379 652 506 709 eumque
529 651 584 689 suo
598 635 643 704 (ut
665 631 809 708 possibile
823 631 891 702 suit)
911 630 1039 690 candori
1053 636 1208 694 restitutum

153 727 191 786 ad
217 727 414 787 studiosorum
441 725 628 786 commodum
651 724 877 803 imprimendum
900 727 1210 787 curavimus—Edidi-

153 844 216 882 mus
225 837 365 901 praeterea
376 824 404 881 in
416 824 492 881 bunc
502 824 597 898 ipsum
607 829 726 899 politam
743 825 874 881 locorum
890 821 1055 880 difficilium
1072 844 1210 884 commen·

153 919 307 977 tariolum:
332 919 412 995 quod
429 917 599 994 propediem
615 918 716 975 eodem
727 917 991 977 motifiuefaveute
1008 921 1076 977 Deo
1093 921 1208 978 marimo

152 1015 387 1091 publicabimus!
430 1012 589 1072 Edidimas
603 1013 692 1073 credo
706 1014 746 1071 ita
757 1013 1019 1092 interpretandum,
1042 1015 1208 1074 dictavimus

152 1111 334 1169 auditoribus
356 1109 478 1167 nostris:
499 1107 726 1186 publicabimus,
752 1110 830 1187 typis
845 1111 1012 1170 curabimus
1028 1112 1209 1189 vulgandum.

152 1210 219 1267 Hoc
234 1208 380 1285 posterius
393 1217 488 1267 utrum
504 1206 613 1266 factum
628 1207 675 1278 sit,
696 1227 754 1266 nou
770 1208 865 1267 habeo
878 1210 986 1268 dicere.
1030 1210 1088 1268 Per
1103 1221 1208 1288 tempo

151 1328 214 1366 rum
231 1307 371 1365 rationem
386 1304 446 1364 lieri
462 1305 579 1383 potuit:
603 1305 656 1364 diu
670 1306 746 1364 euim
762 1307 931 1383 supervixit.
972 1308 1120 1368 Teatante
1144 1309 1209 1367 Ges·

152 1423 232 1473 uero,
264 1422 360 1480 neque
384 1402 521 1461 Bartbius
544 1421 639 1480 neque
667 1402 808 1461 Nicolaus
834 1404 971 1463 Heinsius
994 1403 1053 1462 bac
1079 1405 1124 1463 usi
1148 1413 1209 1462 suut

150 1500 289 1569 editione,
300 1499 349 1558 sed
366 1498 520 1558 laudarunt
530 1518 595 1557 eam
605 1498 773 1574 lsingrinius
793 1500 964 1559 Basileeusis
978 1499 1121 1559 editionis
1134 1519 1208 1560 cura·

151 1608 208 1666 tor,
231 1606 261 1656 et
274 1596 424 1655 Claverius
437 1595 575 1653 Parisinae
589 1594 695 1655 editor.
737 1597 801 1673 lpse
821 1597 914 1655 Gesn.
929 1595 1102 1655 varietatem
1117 1596 1208 1654 lectio-

103 1755 106 1759 .
151 1693 195 1750 nis
213 1692 381 1750 Viennensis
405 1690 558 1767 diligenter
576 1690 716 1760 enotavit,
738 1690 846 1750 fatetur
865 1701 962 1750 tamen
987 1692 1116 1768 ingenue
1129 1692 1208 1768 spici·

151 1788 226 1864 legio
249 1786 347 1844 locum
368 1805 432 1844 esse
456 1785 600 1846 relictum.
656 1787 777 1847 Camers
802 1807 872 1847 vero
896 1789 931 1846 ad
956 1789 1120 1847 Victoriam
1147 1788 1207 1846 Stil.

150 1889 254 1941 contra
282 1881 430 1939 Alaricum
459 1882 581 1940 scribit:
614 1883 820 1943 ‘Correrimus
846 1905 882 1943 ex
909 1892 1027 1943 vetusto
1055 1883 1207 1962 exemplari

151 1988 236 2035 toto:
260 1977 288 2035 in
303 1977 363 2035 alio
385 1977 583 2036 vetustissimo
606 1979 729 2050 Codice,
753 2000 839 2057 quem
855 1980 935 2058 apud
949 1980 1062 2039 Aldum
1078 1983 1134 2039 Ro.
1150 1980 1207 2038 reli·

152 2073 267 2150 quimus
288 2074 431 2133 Tomari!
490 2074 578 2134 Unde
603 2076 671 2135 huic
693 2076 814 2135 editioni
829 2096 848 2135 a
861 2078 998 2138 Camerte
1021 2075 1125 2135 addita
1147 2083 1207 2134 aunt

151 2169 276 2229 antebac
291 2171 420 2230 noudum
436 2170 594 2247 impressa:

349 2316 505 2375 Claudiani
519 2315 580 2373 laus
594 2314 711 2374 Christi.
727 2316 838 2374 Proles.

351 2459 359 2472 .
378 2457 386 2472 .
403 2455 410 2470 .
428 2456 435 2470 .
457 2413 593 2471 miracula
606 2411 727 2471 Christi.
743 2410 880 2488 Angelus.

352 2551 358 2565 .
378 2525 385 2565 ε
402 2550 432 2566 ..
455 2506 558 2566 laudes
574 2506 721 2565 Herculis.
732 2505 891 2565 Pieridum.

350 2602 528 2661 Claudianus
543 2602 573 2660 in
588 2603 712 2662 Sirenas.
727 2603 833 2662 Dulce.

111 2766 185 2816 1511
210 2754 340 2813 Parisina
357 2770 379 2811 1.
395 2753 441 2813 et.
457 2753 616 2812 Claudiani
640 2756 822 2832 Proserpinae
849 2763 951 2832 raptus
976 2756 1126 2816 cumiani
1145 2757 1208 2815 Par·

147 2851 235 2910 rbasii
244 2850 462 2909 commentariis
472 2850 510 2908 ab
519 2869 555 2907 eo
570 2850 718 2926 castigatis
733 2858 763 2908 et
776 2850 868 2908 auctis
876 2850 1043 2909 accessione
1056 2852 1205 2911 multarum

147 2968 243 3007 rerum
258 2947 377 3025 cognitu
392 2946 634 3024 dignarum—lu
649 2947 706 3004 imo
727 2946 830 3023 insigni
844 2947 1022 3024 typographi
1039 2948 1206 3025 inscriptum

148 3055 192 3104 est
207 3045 270 3120 ejus
282 3064 406 3102 nomen:
430 3044 538 3102 Pouset
549 3045 589 3101 Le
602 3043 708 3113 ¹Preuar.
720 3050 782 3101 turn
796 3042 947 3101 additum:
971 3050 980 3074 ‘
996 3044 1208 3102 Veuuudantur

148 3140 285 3198 aPontio
301 3141 395 3215 probo
413 3139 579 3215 bibliopola
601 3138 632 3195 iu
653 3137 766 3196 aedibus
791 3137 970 3196 Potistaunei
991 3137 1209 3198 commorante!

148 3237 182 3293 lu
197 3233 273 3292 fine:
298 3242 307 3266 ‘
323 3235 501 3308 Impressum
517 3233 633 3291 Parisiis
656 3236 709 3310 per
723 3232 883 3290 Antonium
899 3234 1082 3291 Bonnenrere
1098 3235 1208 3310 impen-

148 3330 186 3388 sis
198 3329 293 3389 Poutii
308 3331 333 3387 le
345 3330 449 3388 Preux.
484 3332 570 3387 Auno
586 3328 706 3388 Domini
718 3331 914 3388 mcccccrss!
947 3327 1004 3385 Die
1018 3346 1089 3386 vero
1104 3341 1205 3386 xvnr.

146 3427 331 3488 Decembris.
373 3412 765 3505 Estinbibl.Gymn.Bip.
1198 3458 1203 3469 ι

108 3532 185 3584 1514
205 3523 400 3601 Erpburdiae:
424 3520 529 3580 Claud.
551 3520 588 3579 de
603 3523 640 3582 R.
654 3519 809 3579 Pros.-iu
824 3517 940 3577 officina
965 3516 1108 3576 Industrii
1120 3520 1205 3579 Joau·

147 3619 190 3678 nis
219 3621 356 3697 Cnappii,
378 3627 407 3677 4.
428 3636 517 3701 quarn
538 3636 626 3696 peues
656 3617 746 3694 ampl.
781 3614 911 3673 Durium
937 3614 1124 3673 Hanuoverae
1146 3633 1205 3674 esse

145 3715 232 3775 resert
245 3718 407 3774 Gesnerus.
626 3797 629 3806 .

110 3821 184 3880 1517
207 3811 299 3871 Paris.
318 3828 355 3870 11.
371 3810 408 3869 de
422 3811 459 3868 ll.
474 3811 556 3868 Pros.
571 3829 598 3867 c.
624 3808 792 3868 Commeat.
817 3805 960 3865 Parrhasii
981 3824 1036 3883 per
1047 3808 1098 3867 Jo.
1114 3809 1206 3867 Gour-

146 3909 300 3980 montium,
317 3916 345 3965 4.
361 3926 397 3965 ex
412 3905 573 3970 Cat.‚Bibl.
588 3905 701 3962 Bunav.

109 4011 185 4064 1518
208 4005 289 4081 Lips.
304 4005 342 4063 de
368 4004 404 4064 R.
420 4003 472 4064 Pr.
491 4010 522 4063 4.
535 4002 718 4067 Memoratur
741 3999 770 4057 in
795 4000 862 4058 Cat.
889 3997 967 4058 Bibl.
982 3998 1056 4059 clar.
1072 3997 1204 4068 Ernestii,

146 4098 244 4159 forsan
258 4098 360 4159 eadem
374 4117 446 4160 eum>
455 4097 505 4160 illa
518 4115 571 4157 s.a
586 4096 642 4156 sub
656 4094 745 4156 linem
759 4093 852 4155 aetatis
867 4111 891 4157 1.
