2662 4696
357 285 406 366 ns
430 316 554 369 nnrru
581 316 824 366 enosusmulu
849 318 920 366 urs.
943 317 969 366 r.
1126 302 1211 367 1631

110 463 160 513 tius
174 461 346 525 praesentario
365 475 442 524 quam
458 459 534 508 misso
550 459 644 508 nuncio
681 458 773 518 inanis,
783 459 832 507 hoc
842 464 892 517 est,
900 457 953 520 jorn
965 456 1098 520 evanidus,
1105 457 1162 520 jam
1171 473 1213 509 ra·

108 541 215 591 rolebat
234 542 374 603 quaesitum
391 539 548 601 conjugium,
567 536 644 600 idque
682 532 985 596 nueratquidem.1dem.

112 618 191 677 illico,
208 616 360 679 priusquam
381 629 523 679 quosquam
544 612 576 660 de
595 613 644 662 hoc
715 612 746 656 75
765 608 871 671 Froetce]
889 607 1170 666 Retnsae,confractae.

111 694 165 756 ejus
175 692 286 741 consilio
297 698 417 741 constare
428 696 522 752 posset.
539 689 645 750 Jupiter
715 688 748 732 76
773 684 841 732 Maia
855 683 974 745 genitum]
993 685 1154 734 Mercurium
1173 701 1215 737 ac·

112 766 644 828 sutemplurimisPoiitarmulocisetau·
683 760 920 810 cersitOratorem.
954 761 1098 809 Mercurius
1116 762 1214 812 Rheto·
1297 814 1302 837 ,

111 838 646 906 spexetconfectoretsancitorfoedermn
683 836 755 884 ricen
773 844 800 885 et
818 836 965 885 Oratoriam
984 837 1072 886 docuit
1088 838 1214 902 homines,

112 917 307 979 eonjugialinm.
321 917 410 965 Barth.
683 911 740 972 ejus
760 911 877 961 beneficii
896 927 959 973 ergo
975 913 1075 961 cultum
1093 914 1215 964 Divinum

141 992 221 1041 Peme
242 992 338 1053 Quem]
365 993 423 1040 Mos
444 992 514 1055 prius
539 1005 647 1040 uxorem
684 988 802 1052 adeptus,
816 995 844 1038 et
857 990 970 1038 Deorum
980 990 1216 1052 Legationihusde·

113 1078 216 1133 petere,
227 1085 303 1132 quam
316 1069 419 1118 ducere.
431 1077 520 1118 noster
530 1068 557 1116 in
570 1068 648 1131 epist.
685 1065 803 1114 stinatus.

112 1148 143 1195 ad
164 1147 301 1195 Serenam.
334 1145 423 1194 Sidon.
442 1144 487 1194 lib.
498 1157 550 1192 vu.
562 1144 613 1204 Ep.
623 1147 649 1192 t.
717 1139 822 1189 Fervida
838 1140 914 1203 dictu]
930 1141 1023 1192 Qualia
1041 1140 1144 1192 ferebat
1164 1142 1218 1193 ani·

112 1223 118 1249 ‘
131 1222 284 1270 adolescens
302 1234 409 1269 uxorem
420 1221 497 1284 petit,
506 1220 648 1282 impetrat;
685 1231 741 1265 mus
753 1216 790 1264 ira
801 1217 929 1268 turbidus.
945 1218 1034 1267 Barth.

113 1296 312 1346 conscribuntur
323 1296 418 1345 tabulae
429 1295 576 1358 nuptiales!
594 1296 649 1344 Me·
717 1296 748 1339 77
783 1291 914 1356 Cyllenius]
944 1294 1035 1343 Vibius
1059 1294 1215 1358 Sequester:

115 1381 178 1422 tam.
190 1387 211 1422 r.
223 1371 315 1421 Fabul.
325 1376 351 1422 o.
363 1372 459 1420 eatull.
471 1372 521 1434 Ep.
534 1375 573 1420 68.
584 1370 647 1420 Isid.
686 1368 693 1394 ‘
705 1367 823 1430 Cyllene,
834 1382 906 1415 mons
915 1368 1055 1429 Arcadiae3
1072 1370 1141 1419 unde
1158 1371 1219 1433 Cyl·

114 1461 154 1497 rx.
177 1452 201 1496 8.
218 1447 323 1509 ‘proci,
340 1446 488 1509 nuptiarum
505 1445 647 1508 petitores.'
685 1443 769 1490 lenius
784 1443 949 1493 Mercurius?
982 1445 1059 1494 Mons
1070 1452 1156 1495 antem
1174 1447 1217 1496 ille

113 1523 131 1572 l.
144 1523 216 1572 unic.
231 1520 366 1572 C.Theod.
389 1521 429 1569 ‘si
441 1521 497 1584 quis
509 1535 566 1569 eam
577 1521 649 1584 cujus
687 1518 835 1578 altissimus,
846 1519 978 1568 Mercurio
989 1534 1071 1570 sacer.

115 1604 165 1648 tut.
192 1596 259 1656 fuer.
288 1594 399 1658 corrup!
431 1595 519 1644 Plaut.
544 1595 649 1645 Curcul.
718 1594 833 1657 Adstitit]
858 1594 900 1643 Ad
920 1603 1055 1659 repentem
1078 1596 1217 1649 adventum

115 1681 169 1723 act.
182 1687 209 1723 v.
222 1687 292 1723 scen.
304 1677 328 1720 2.
340 1670 401 1722 tine.
418 1679 446 1721 et
461 1671 521 1722 Aul.
534 1687 570 1722 sc.
582 1672 650 1720 Proe-
686 1670 812 1735 intellige.

113 1748 225 1812 regibus:
236 1747 305 1797 unde
313 1745 447 1797 formulam
458 1747 564 1810 petendi
574 1761 651 1811 spon·
718 1747 787 1811 Ales]
798 1747 857 1797 Hoc
865 1753 995 1809 censetur,
1007 1748 1039 1798 ob
1052 1748 1106 1797 alas
1117 1748 1218 1799 additas

115 1823 248 1888 dendique
259 1823 352 1873 disces.
369 1824 479 1886 Dempst.
687 1824 775 1886 galero
792 1825 949 1889 etpedibus,
960 1824 1106 1874 Mercurius
1115 1826 1221 1889 sapius.

152 1896 254 1950 Visun
268 1900 382 1965 pepercit]
406 1899 591 1948 Scribendum:
608 1899 651 1948 uis:
688 1900 776 1950 Barth.

115 1976 308 2042 ilturvpepercit,
331 1976 477 2038 Erubuitqne
493 1991 581 2038 preses.
614 1976 652 2024 Ut
719 1980 751 2024 78
779 1975 947 2038 Somniferum]
976 1976 1114 2036 Homerus,
1136 1976 1167 2025 Il.
1189 1982 1220 2028 ll.

115 2051 217 2101 subitus
228 2051 331 2114 tyranm
350 2057 433 2100 motus
445 2050 478 2099 ad
491 2051 595 2113 bellum,
614 2051 653 2103 ita
688 2052 823 2115 Papinius,
839 2051 963 2102 Thebaid.
980 2065 999 2101 r.
1016 2053 1099 2101 ‘Turn
1119 2053 1221 2103 dextras

116 2126 294 2189 strepentins
313 2124 345 2175 ad
366 2125 473 2174 meliora
489 2125 596 2174 consilia
607 2125 651 2174 ad·
688 2127 786 2190 virgam
807 2128 924 2189 inseruit,
943 2143 995 2191 qua
1012 2129 1110 2192 pellere
1132 2129 1221 2179 dulces

118 2204 212 2253 moniti
225 2202 349 2251 reversio.
384 2201 652 2250 HoevelleClaudia·
688 2201 743 2252 Ant
771 2202 878 2253 suadere
906 2204 1000 2252 iterum
1028 2206 1145 2268 somnos,’
1169 2209 1221 2256 dec.

118 2293 180 2326 uum
197 2291 302 2339 prorsus
314 2274 421 2336 indicat,
440 2275 508 2338 quod
528 2276 653 2339 sequitur,
688 2279 764 2328 Idem.

117 2356 124 2381 ‘
138 2353 263 2406 Quamvis
271 2351 388 2401 indocilis
399 2349 488 2400 flecti!
505 2351 595 2400 Barth.
724 2355 849 2415 Tectasqne
857 2352 950 2414 gotero]
968 2353 1094 2401 Mercurii
1104 2359 1221 2415 petasum

156 2429 206 2478 Vix
223 2427 264 2475 tlte
276 2427 393 2490 pepercit]
414 2427 462 2476 Vix
477 2427 533 2476 illo:
547 2425 653 2490 pepercit
689 2430 814 2492 intellige,
825 2444 875 2493 quo
886 2429 953 2478 Solis
972 2437 999 2477 et
1017 2429 1129 2479 siderum
1146 2429 1221 2479 ardo·

118 2504 259 2564 Bartbius3
285 2504 374 2566 probe.
407 2503 491 2551 Paulo
514 2509 573 2565 post
594 2503 653 2551 heito
690 2521 743 2556 rem
756 2505 882 2569 defendit,
893 2506 953 2555 durn
971 2521 1018 2570 per
1029 2505 1091 2555 aera
1102 2520 1222 2570 magnum

117 2582 182 2644 cupit
205 2594 253 2643 pro
268 2579 364 2642 flores
387 2577 500 2626 Cluverii
520 2576 585 2626 libro
604 2583 653 2626 est.
690 2582 806 2645 remigat.
826 2582 920 2630 Closer.

118 2657 186 2706 stat.
205 2654 287 2703 Theb.
308 2667 360 2704 xll.
375 2652 466 2701 ‘Hine
486 2653 579 2714 Notus,
593 2653 653 2701 hinc
722 2662 755 2706 79
772 2656 923 2716 Rudifultus
936 2658 1003 2718 solio,
1021 2657 1146 2722 nigraque]
1163 2657 1223 2708 Pie.

119 2733 230 2793 Borear,
241 2730 299 2779 binc
309 2729 389 2778 tuscis
399 2728 503 2778 Africus
521 2729 568 2777 alis
578 2729 653 2778 Bella
692 2739 773 2782 turam
782 2732 900 2782 Plutonis
909 2733 1076 2796 spectandam
1084 2736 1156 2783 velut
1164 2748 1224 2797 pro·

119 2809 242 2860 movent!
258 2808 292 2857 D.
303 2808 389 2858 Heius.
692 2809 774 2872 ponit.

158 2890 193 2935 68
222 2885 365 2947 Animosque
383 2882 514 2944 relanguit]
538 2883 655 2945 Eluuguit
725 2884 805 2944 Nigro
814 2883 952 2944 questute]
962 2883 1045 2945 Nigra
1056 2883 1124 2932 enim
1136 2885 1224 2933 omnia

119 2962 188 3013 idem
211 2962 345 3021 Boethius,
363 2975 396 3009 ex
418 2961 461 3008 illo
482 2960 560 3009 Statii
579 2962 654 3010 loco:
692 2959 795 3017 Mortis,
805 2966 833 3006 et
845 2959 932 3019 nigror
945 2959 1002 3021 ejus
1014 2958 1093 3006 colos.

117 3039 179 3087 ‘his
193 3037 297 3101 paulum
308 3035 380 3085 furor
389 3036 570 3098 elanguescere
580 3035 656 3084 dictis
729 3033 858 3095 Verendus]
874 3033 1020 3083 Terribilis.
1036 3034 1126 3082 Barth.

122 3111 263 3178 Coeperat!
280 3112 355 3163 Idem.
726 3115 757 3160 8⁰
774 3111 912 3174 Mqiestate]
938 3110 1225 3175 Mujestaseuimquae·

152 3193 186 3238 tl
206 3186 304 3249 Getica]
319 3187 408 3236 Thrax
423 3185 491 3235 enim
502 3193 594 3235 ventus
606 3186 656 3235 Bo·
693 3186 820 3236 demeum
832 3188 939 3236 horrore
956 3187 1068 3250 gravitas
1080 3191 1128 3237 est.

121 3280 192 3315 reus.
214 3265 302 3313 Barth.
726 3263 799 3311 Fcedo
809 3264 868 3326 situ]
886 3263 945 3312 Nou
962 3261 1070 3311 enimin
1085 3263 1171 3311 lucem
1182 3275 1225 3312 ve·

154 3346 190 3393 ⁷2
215 3342 287 3392 Bella
304 3341 381 3405 cupit]
400 3341 526 3390 Procellis
546 3346 574 3389 et
593 3347 657 3390 tem·
693 3344 786 3388 nerant
796 3345 903 3387 eatenus
915 3351 1044 3401 umquam.
1061 3337 1151 3385 Barth.

121 3416 271 3482 pestatibus
283 3423 398 3480 pugnant
411 3416 490 3466 venti.
726 3412 756 3462 sl
771 3411 999 3461 Maestissimorruhes
1009 3410 1124 3473 Asperat]
1139 3408 1225 3473 Ipsam

155 3492 261 3555 Sonare]
278 3492 657 3558 Maronis,‘tempestatesque
694 3497 804 3538 mortem
831 3487 980 3537 describere
1006 3485 1110 3547 satagit,
1131 3499 1189 3548 quae
1211 3498 1227 3533 s

122 3566 250 3622 sonoras?
266 3569 356 3617 Barth.
696 3566 809 3614 Plutone
821 3571 906 3612 tamen
918 3561 987 3610 aliud
1007 3575 1100 3609 numen
1115 3559 1228 3609 habeba-

155 3648 191 3694 73
207 3642 341 3706 Ruptum]
363 3643 406 3691 De
417 3643 563 3692 vehementi
574 3644 659 3692 turba·
695 3649 746 3691 tur.
788 3641 866 3703 Cujus
889 3636 999 3687 officium
1022 3643 1080 3686 erat
1101 3636 1227 3687 thesauris

124 3721 198 3769 tione
219 3718 297 3767 etiam
318 3717 485 3766 immobilium
508 3733 592 3766 rerum
611 3719 659 3768 hoc
696 3717 766 3766 ltitts
778 3721 891 3763 mortuos
903 3714 1079 3762 adnumerare.
1096 3714 1172 3763 Idem.

122 3800 236 3845 utuntur
244 3792 391 3854 scriptores.
424 3791 544 3841 Pertinet
561 3807 592 3840 ea
608 3808 659 3841 vox
729 3796 760 3840 82
776 3791 889 3853 Asperat]
907 3787 1058 3837 Timendum
1070 3787 1141 3849 tacit,
1153 3784 1229 3836 terri·

125 3871 202 3920 simul
214 3874 244 3918 et
254 3868 287 3917 ad
299 3869 468 3917 celeritatem.
486 3869 561 3918 Idem.
696 3867 768 3916 licat.

157 3951 192 3998 74
224 3945 335 3995 Vanescit
358 3944 437 3992 inanis
459 3943 575 4006 Impetus]
599 3945 660 3992 Ele·
730 3939 815 4002 Riget]
831 3939 913 3988 Velut
923 3936 1068 3987 immobilis.
1086 3934 1171 3984 Barth.

125 4037 191 4090 gans
214 4021 335 4086 loquendi
358 4035 445 4084 genus,
463 4020 532 4084 quod
551 4020 661 4082 gemina·
731 4021 761 4067 83
774 4014 908 4075 Terrorem]
925 4013 1057 4062 Horrorem
1072 4010 1167 4074 primus
1179 4008 1228 4058 Pe·

127 4101 227 4151 tionem
242 4098 282 4146 rei
302 4097 357 4146 siue
377 4097 557 4146 Pleooasmum
576 4096 661 4144 occrrl-
699 4101 752 4144 tav.
764 4100 791 4142 et
802 4091 905 4156 quintus
916 4089 1057 4138 Vaticanus
1068 4100 1115 4151 pro
1126 4086 1229 4134 diversa

126 4171 542 4238 tumhcetdieaqimuisumresrit.
557 4171 585 4223 Si
594 4170 662 4222 enim
699 4169 829 4229 lectione;
854 4171 883 4216 ut
899 4163 932 4215 de
948 4163 1040 4216 forma
1058 4161 1188 4229 squallore
1199 4166 1228 4212 et
