2662 4696
178 274 266 345 1516
345 289 452 339 uorn
476 284 679 337 aaaronnu
704 286 744 335 ru
769 286 827 334 ou.
850 285 989 335 curun.
1012 285 1117 337 xxii.

181 445 259 498 quern
280 421 537 480 animadvertendum
555 428 632 492 soret,
649 427 714 479 affir·
753 443 814 477 nera
825 429 916 478 lectio:
929 437 1008 493 atque
1019 428 1057 479 ita
1066 432 1166 493 noster,
1173 425 1276 492 Statius,

175 506 349 556 mat.13errt.
394 522 400 533 ·
754 506 797 555 alii
810 507 912 569 passim.
931 508 965 556 D.
977 507 1063 555 Heius.

216 586 247 629 18
266 581 351 643 Ocior]
368 583 508 632 Promtius.
526 582 601 631 Ιάιιιι.
785 586 817 632 22
844 583 899 631 Hac
919 583 969 646 ipae
987 583 1104 642 motae
1123 582 1177 630 Dae
1192 581 1278 630 ιιιιιίιιι

216 661 248 706 19
260 658 427 722 Imptoeabtla'r]
439 660 541 709 Crimen
551 658 715 708 aStiticbouc
753 659 835 722 ιίιιὶι]
855 661 904 708 late
914 660 991 723 prim.
1001 660 1088 708 Vetic.
1105 671 1121 706 a
1140 671 1217 706 manu
1234 658 1281 721 pri·
1305 657 1307 662 ’

182 747 307 795 removet,
327 737 440 800 quadiu
459 736 560 785 Achille
578 735 716 797 reprelien-
754 751 811 786 rna:
830 751 886 800 qrue
897 736 1026 798 scriptura
1041 740 1069 784 et
1087 735 1112 782 in
1134 734 1282 783 alitamrrltir

179 811 249 861 dunt
261 813 347 862 Graeci
360 812 417 873 ejus
429 811 602 859 Laudatoresr
622 809 716 858 stolide
754 820 848 862 exstat.
876 809 1225 874 Fortebncepootemugirtra
1235 809 1282 858 Dae

183 887 283 936 scilicet
295 902 351 934 eunt
365 884 465 945 fecisse,
475 887 516 949 qui
529 886 582 933 aliia
594 886 715 934 suaderet
754 891 855 938 mium.
872 888 953 936 Ideni.

177 963 334 1014 avertendae
348 964 463 1011 Deorum
474 963 526 1012 Irae
540 961 602 1010 nibil
615 976 665 1010 non
678 960 716 1010 fa·
786 968 817 1014 2³
844 964 896 1012 Dae
917 963 1010 1011 venium
1030 958 1111 1021 nictit]
1136 959 1198 1009 Non
1220 959 1284 1008 ultra

184 1055 255 1102 cere,
268 1055 325 1088 cum
345 1054 396 1087 auae
414 1038 468 1101 ipse
485 1036 715 1100 fraena-imponere
754 1039 844 1101 praelia
864 1039 982 1099 saerieos,
999 1036 1066 1085 idem
1087 1034 1158 1085 enim
1176 1033 1247 1084 odila
1260 1041 1285 1084 ct

184 1117 297 1166 nesciat.
314 1116 387 1163 idem.
754 1117 831 1166 armis
843 1117 977 1165 terminus.
993 1114 1084 1163 Baetis.

215 1197 249 1242 20
260 1189 486 1254 Oboiaproeteraee]
496 1188 625 1240 Eatillud:
636 1190 716 1238 ‘Pru-
788 1191 844 1240 Hae
854 1192 993 1240 exhortante
1002 1188 1100 1251 ιιιῐιιιι]
1111 1191 1236 1238 &orante
1246 1201 1287 1238 uu·

184 1281 244 1320 cere
255 1268 380 1331 subjectis
391 1274 419 1316 ct
431 1267 562 1316 debellare
574 1264 717 1329 superbos!
755 1267 839 1316 decim
852 1268 923 1316 libri:
937 1281 1007 1314 vere.
1026 1265 1056 1312 In
1066 1265 1150 1328 primo
1160 1265 1286 1314 Vaticano

219 1345 387 1406 Prostrotoque
399 1358 462 1392 more
480 1344 569 1392 leonum
581 1341 717 1405 Deapiciae]
756 1360 856 1394 amaon
866 1344 1061 1408 primaeaorure.
1079 1342 1169 1403 Epigr.
1179 1340 1213 1388 de
1221 1340 1287 1404 Apo·

183 1420 363 1470 Pulcherrime
384 1421 493 1481 Seneca,
516 1433 536 1468 1.
558 1425 583 1468 ὅ.
604 1419 637 1467 de
659 1419 718 1467 Cle·
755 1437 804 1470 no:
828 1421 1043 1482 ‘Parcarumque
1061 1419 1131 1466 colos
1151 1424 1287 1466 exoratura

184 1498 298 1547 mentia:
316 1501 324 1526 ‘
339 1498 429 1561 Magni
438 1504 478 1544 eet
488 1495 564 1544 animi
577 1493 719 1557 proprium,
756 1496 880 1547 severae!
901 1496 986 1557 Silius,
998 1497 1015 1543 l.
1027 1507 1066 1542 ιιι.
1083 1495 1091 1521 ‘
1104 1492 1235 1556 nigroque
1245 1507 1287 1540 un.

187 1574 316 1636 placidum
338 1587 404 1634 esse,
426 1571 659 1635 tranquillumque3
690 1576 718 1619 et
756 1573 843 1622 dantia
855 1579 961 1635 pectora
972 1569 1033 1619 selle
1044 1569 1163 1618 Tandem
1179 1575 1220 1618 tot
1230 1569 1287 1618 titu-

185 1648 291 1711 injnrias
301 1655 379 1711 atque
390 1645 542 1696 offensiones
558 1660 660 1708 semper
674 1644 719 1694 de·
756 1649 788 1698 iis
809 1655 899 1713 totque
923 1654 1032 1696 exorata
1059 1644 1165 1707 tropaeis
1193 1643 1287 1694 Infelix

185 1723 297 1786 spicere.
331 1722 460 1771 Muliebre
474 1727 514 1769 est
530 1719 653 1769 furerein
672 1720 718 1769 ira.
757 1729 844 1775 muta.'
877 1723 1012 1775 Quomodo
1039 1714 1176 1785 eleganter
1199 1720 1287 1769 Codex

185 1799 309 1848 Ferarum
323 1812 394 1858 vero,
410 1810 460 1845 nec
471 1809 654 1858 generosarum
665 1795 718 1858 qui·
758 1801 850 1850 Modii.
882 1799 1043 1862 Dausqueiun
1064 1798 1151 1846 soleas
1163 1795 1238 1862 facit,
1248 1796 1287 1861 qui

186 1874 255 1939 dem,
273 1874 456 1937 pramordere‚
466 1880 494 1922 et
510 1887 601 1936 urgere
618 1873 719 1935 projec·
756 1878 919 1942 obloquatur.
936 1876 971 1924 D.
985 1875 1070 1925 Heius.

187 1957 236 2000 toa.
270 1950 430 2013 Elephanton
449 1950 602 2012 Leonesque
620 1955 719 1998 tranae-
788 1956 821 2002 24
840 1952 900 2007 Qun
915 1965 1039 2013 nnrnpnm
1053 1948 1161 1998 mcitaro
1176 1948 1288 2018 timentur

187 2033 244 2089 unt,
259 2043 316 2091 quae
328 2027 494 2089 impulerunt.
527 2025 652 2087 Ignobilia
662 2026 719 2075 bea·
756 2027 857 2090 turgio]
873 2027 1021 2089 Jrrrgiornm
1033 2024 1070 2073 eit
1080 2038 1138 2072 eam
1151 2037 1208 2072 case
1220 2028 1289 2072 natu·

187 2096 232 2153 tia
244 2102 386 2165 pertinacia
396 2108 444 2152 est.
463 2102 524 2150 Nou
533 2101 611 2151 decet
621 2102 719 2165 Regem
757 2119 810 2153 ram
822 2110 852 2153 ut
864 2104 1013 2162 timeantur,
1028 2100 1093 2148 iicet
1104 2098 1225 2146 nocitura
1241 2111 1288 2146 non

189 2193 268 2242 seva,
279 2192 327 2227 trec
340 2177 505 2227 inexorabilis
516 2177 570 2227 ira!
587 2178 676 2229 Bartlr.
758 2181 820 2230 sint.
836 2181 954 2230 Quaeres
970 2178 996 2225 iu
1014 2174 1136 2238 Principe
1148 2174 1204 2224 viro
1214 2174 1289 2223 veria·

219 2258 250 2303 21
260 2256 360 2312 Alacres
370 2252 461 2316 tauros]
476 2252 622 2302 Resisteudi
635 2268 719 2317 prom·
758 2257 822 2306 sima
833 2261 887 2314 est;
906 2259 1020 2302 tremunt
1030 2252 1097 2300 euim
1108 2250 1195 2299 omnia
1207 2265 1240 2301 eo
1251 2250 1288 2300 rel

188 2335 238 2382 tos.
757 2332 851 2382 leviter
862 2335 1042 2388 commoto‚ne
1054 2326 1147 2375 durnin
1159 2326 1228 2376 irata
1238 2339 1291 2374 ver·

219 2407 341 2474 Sternere]
358 2408 500 2471 speciatim
512 2407 539 2456 id
549 2407 622 2456 verbi
634 2407 720 2456 robori
758 2409 791 2459 bn
803 2412 996 2472 prorumpente.
1029 2403 1101 2452 Dicit
1114 2403 1171 2451 sola
1181 2401 1289 2452 auctori·

186 2497 285 2532 summo
297 2484 410 2531 ferarum
422 2483 587 2532 adscribitur.
605 2484 693 2533 Barth.
758 2493 814 2536 tate
825 2491 871 2534 aut
880 2484 1017 2546 majestate
1027 2479 1148 2530 cohibere
1157 2479 1253 2542 litigia,
1264 2482 1290 2528 et

128 2617 132 2623 Ι
220 2561 314 2607 Ardent
339 2561 380 2621 qut
406 2557 524 2619 frangere
550 2559 641 2621 tauros]
678 2559 722 2608 Ita
758 2558 1025 2611 officiosuobomiuea
1042 2556 1158 2607 adtinere
1174 2555 1291 2604 Stillcbo·

187 2634 279 2696 scripti
291 2632 346 2682 fera
357 2648 456 2682 omues.
470 2634 577 2698 Gyrald.
595 2640 623 2683 et
635 2635 720 2684 Palat.
759 2652 828 2698 nem,
846 2651 894 2685 uec
914 2637 940 2684 in
960 2648 1112 2699 quemqnam
1133 2633 1224 2681 calore
1242 2631 1292 2680 ira·

190 2723 240 2756 cam
244 2708 367 2769 frangere.
379 2708 450 2757 Male
462 2710 538 2770 vulgo
549 2724 600 2757 mna
611 2713 722 2759 sternere.
758 2713 870 2771 cundiae,
882 2717 927 2759 aut
940 2709 1023 2759 verbis
1042 2707 1164 2772 gravibus
1182 2721 1290 2757 commo·

188 2796 231 2832 ιιι.
245 2783 324 2832 Cone.
336 2784 436 2832 Honor.
452 2783 620 2847 ‘Magnaque
638 2789 723 2832 tauro·
757 2788 824 2837 veri.
841 2788 931 2837 Bartlr.

188 2871 247 2906 rum
274 2857 397 2908 fracturae
423 2859 489 2908 colia
517 2859 666 2909 Britanna!
693 2857 723 2907 rt
791 2869 824 2914 26
850 2863 956 2914 AEtbers'r'
972 2861 1062 2926 patrie]
1089 2860 1114 2909 Α
1136 2861 1204 2912 Jove
1226 2859 1291 2910 eninr

188 2933 256 2996 ἄγειν
267 2935 433 2984 Homericum
448 2936 588 2998 expressit.
605 2935 681 2985 lliad.
695 2942 723 2985 E.
760 2943 855 3005 Reges.
873 2943 947 2990 Idem.

187 3011 229 3060 ‘tls
248 3009 273 3060 dl
293 3010 353 3059 λέων
370 3012 396 3058 tn
414 3011 484 3067 aaut
505 3013 576 3075 θορὼν
593 3012 616 3073 ἐξ
634 3010 723 3074 αὐχένα
791 3021 823 3068 27
842 3016 982 3066 Concutiens
992 3013 1095 3076 tonitru]
1111 3016 1225 3065 Pulchre
1238 3015 1293 3064 Sta·

190 3085 238 3148 ἄξει
249 3085 347 3149 Πόρτιοι
357 3084 385 3144 bl
396 3085 452 3142 flaba
462 3085 565 3147 ξύλοχον
575 3092 723 3144 retuderun-
761 3093 813 3143 tius
830 3094 863 3142 de
881 3093 1050 3142 Domitiano:
1066 3092 1074 3119 ‘
1085 3091 1198 3139 Venturi
1209 3089 1293 3139 fulmi-

188 3161 287 3222 madan.
305 3163 381 3210 llissd·
392 3168 421 3210 Λ·
438 3164 485 3220 rte
503 3163 522 3210 δ’
540 3162 655 3225 δεαῦχέν·
672 3163 724 3226 ἔαξε
760 3168 799 3218 nis
810 3170 866 3218 ictu
881 3169 1052 3229 Horreutcm,
1070 3167 1170 3216 tonitm
1192 3167 1294 3215 tanturn

190 3237 272 3293 λαβὸν
281 3239 427 3301 κρατεροῖσιν
438 3236 523 3286 ὀδοῦσι·
542 3239 586 3302 qui
597 3255 685 3288 veram
696 3248 724 3290 et
760 3244 882 3307 tenuique
903 3244 1017 3306 procelle
1043 3243 1189 3292 Contentus
1207 3255 1295 3291 moun·

190 3312 251 3364 alibi
262 3315 330 3378 apud
349 3316 420 3364 illum
449 3317 570 3365 occurrit.
605 3317 723 3367 Homeri·
759 3318 888 3368 interfuit?
911 3320 1004 3368 Clnuer.

189 3390 362 3453 campitasin
375 3392 724 3456 Statiusquoqueexpressit
793 3400 825 3444 ³0
842 3395 916 3443 Diae
932 3409 1047 3455 germano
1064 3394 1148 3457 Fides]
1173 3392 1252 3443 Fides
1268 3401 1295 3443 et

188 3467 271 3517 Theb.
291 3482 316 3517 v.
339 3468 473 3531 ‘Massylo
494 3465 578 3531 frangi
600 3476 724 3532 stupuere
760 3471 906 3521 Clementia
926 3485 1055 3533 germanae
1075 3484 1187 3532 sorores,
1203 3471 1294 3533 primae

190 3543 238 3592 sub
257 3544 331 3592 hoste
348 3542 490 3605 juvence)
522 3543 580 3594 Lib.
600 3557 639 3594 ιιι.
655 3547 663 3572 ⁴
678 3546 725 3593 Ar·
760 3548 883 3596 virtutum
904 3554 996 3610 pectus
1018 3546 1160 3609 Hernicum
1178 3546 1294 3596 babitan-

185 3621 272 3670 menti
283 3635 358 3682 reges
370 3636 464 3684 magno
476 3621 517 3669 leo
537 3620 617 3684 tregit
635 3622 724 3672 biatu?
761 3626 834 3683 tium,
855 3630 885 3672 ut
907 3622 1048 3672 crudelitas
1071 3625 1142 3672 nulla
1165 3623 1297 3687 timeatur,

188 3696 248 3744 Val.
267 3696 384 3754 Flaccus,
405 3698 447 3743 lib.
469 3710 501 3744 ιι.
519 3700 526 3724 ‘
541 3697 661 3746 Qrteliter
680 3701 725 3746 im·
761 3701 821 3763 quia
831 3705 945 3759 constet,
953 3699 1079 3761 propositi
1095 3697 1208 3760 fideique
1225 3704 1298 3747 tene·

189 3772 271 3838 plevit
283 3775 380 3836 gemitu
401 3787 458 3820 cnm
480 3780 568 3820 taurus
583 3773 678 3822 acerbo
691 3772 725 3822 Α·
760 3790 818 3824 cem
839 3775 998 3835 Principem,
1019 3789 1143 3838 utinquam
1166 3775 1296 3840 utrimque

187 3849 242 3912 via,
270 3848 434 3910 frangentem
459 3863 541 3897 morsu
574 3863 653 3913 super
672 3850 726 3898 alta
762 3852 906 3899 remittere.
923 3850 1012 3898 Bartlt.

190 3923 291 3973 bouem
315 3925 402 3988 'l'crga
424 3924 527 3974 terens:
567 3928 619 3974 Pro
640 3928 725 3974 ardent
795 3927 931 3988 Eademque
949 3924 1036 3986 eorem]
1064 3926 1107 3973 Sic
1126 3925 1153 3973 in
1174 3939 1220 3974 ora
1237 3924 1296 3975 libri

188 3999 270 4048 etiem
284 4003 538 4063 cadentvelgnudeut
556 4000 648 4062 scripti
664 4015 725 4048 aon·
761 4002 800 4051 sui
818 4015 925 4064 magnus
944 4001 1068 4064 Scaliger,
1090 4000 1160 4065 quod
1186 4008 1293 4050 secutus

188 4075 254 4127 nulli
264 4074 372 4125 frustra.
396 4078 453 4126 Lib.
464 4091 484 4126 ι.
497 4079 521 4125 in
542 4075 628 4126 Ratio.
654 4077 726 4125 ‘Ro-
763 4078 973 4142 Raplrelengius;
984 4080 1031 4125 nec
1040 4077 1116 4125 aliter
1122 4082 1182 4126 octo
1189 4077 1296 4140 scripti:

187 4165 277 4203 manes
289 4152 541 4218 ardetproetemere
553 4154 647 4204 nireer'
667 4171 725 4222 quae
761 4155 875 4219 hoeest,
892 4155 982 4206 eadem
1001 4169 1060 4206 curn
1077 4169 1177 4206 sorore.
1210 4156 1296 4220 Vulgo
