2662 4696
291 723 570 800 RECENSUS
601 726 865 804 CODICUM
896 731 1027 850 MSS·;

471 920 543 986 CL.
565 921 840 990 CLAUDIANI

180 1125 247 1179 QUI
264 1125 306 1175 IN
325 1127 588 1178 BIBLIOTHECIS
607 1129 843 1185 nnmnnnlcls
861 1134 1126 1190 nesunvnnwn.

505 1338 807 1363 m

262 1488 314 1556 Cl.
334 1487 505 1561 Cnidiam
521 1492 646 1560 Codices
667 1495 702 1559 ia
717 1495 827 1563 Museo
850 1496 1045 1562 Britannico.

133 1687 187 1753 'In
202 1684 399 1752 Bibliotheca
413 1685 516 1775 Regio
529 1692 582 1755 15.
596 1690 641 1755 A.
653 1709 719 1758 ιιι.
735 1693 767 1757 6.
782 1694 901 1773 codex,
917 1696 1005 1760 inter
1019 1697 1085 1761 alia
1100 1699 1205 1778 varia,
1241 1741 1244 1746 -
1271 1692 1276 1697 ’

98 1790 247 1857 continet
262 1787 438 1856 Claudiani
454 1791 496 1856 de
511 1793 630 1877 Raptu
653 1794 865 1880 Proserpinae
883 1807 951 1863 tres
965 1799 1083 1865 libros.
1114 1800 1205 1867 Saec.

101 1907 191 1958 ιιιιι.

125 1995 184 2059 'In
208 1992 403 2058 Bibliotheca
429 1995 608 2061 Harleiona
631 1999 708 2063 cod.
733 1999 831 2065 2753.
854 2002 1003 2066 continet
1029 2001 1207 2070 Claudiani

100 2097 329 2181 Operainhoo
348 2099 480 2164 ordine:
504 2103 536 2166 1.
552 2101 595 2166 In
606 2101 765 2168 Rufinum
781 2103 855 2168 Lib.
872 2104 969 2168 duos.
993 2106 1024 2169 2.
1041 2105 1094 2169 De
1110 2106 1207 2172 Bello

99 2199 282 2265 Gildonico
312 2199 459 2266 [ibrum.
504 2204 536 2267 3.
561 2202 601 2266 ln
633 2203 830 2285 Eutropium
854 2203 929 2268 Lib.
963 2205 1058 2269 duos,
1094 2209 1128 2272 4.
1152 2208 1207 2272 De

100 2298 242 2386 Nuptiis
259 2300 403 2367 Honorii
418 2303 564 2386 Augusti
579 2312 614 2367 et
628 2304 764 2369 Mariae:
779 2306 996 2373 Fescennina.
1019 2309 1052 2371 5.
1063 2309 1104 2372 Iu
1118 2309 1207 2393 ejus·

99 2405 175 2468 dem
191 2403 343 2486 Nuptias
356 2425 500 2470 carmen.
523 2407 554 2470 6.
568 2405 622 2468 De
635 2405 733 2470 tertio
748 2411 781 2473 at
793 2409 914 2487 quarto
931 2405 1116 2475 Consulatu
1129 2409 1208 2474 Ho-

99 2506 184 2585 nor-ii
194 2503 343 2586 Augusti
359 2507 570 2589 Panegyrim.
593 2507 627 2570 7.
645 2506 698 2571 De
714 2504 825 2569 Mallii
838 2506 1007 2573 Theodori
1017 2507 1206 2575 Consulatu

98 2603 310 2690 Panegyrim.
355 2610 388 2673 8.
412 2608 466 2673 De
484 2607 656 2671 Laudibus
678 2606 872 2671 Stilichonis
890 2609 966 2674 Lib.
981 2616 1060 2675 tres.
1104 2611 1138 2678 9.
1153 2612 1207 2679 De

97 2717 196 2783 sexto
209 2710 355 2776 Honorii
372 2711 557 2775 Consulatu
575 2710 785 2793 Panegyrim.
816 2710 869 2776 10.
893 2711 948 2775 De
968 2711 1068 2777 Bello
1083 2711 1208 2780 Getico

97 2810 257 2880 Librum:
284 2814 338 2877 11.
363 2813 522 2895 Eidyllia,
538 2811 801 2896 Epigrammata,
816 2814 1013 2896 promiscue.
1041 2816 1094 2879 12.
1118 2816 1208 2882 Lau·

94 2913 154 2987 dus
171 2914 307 2980 Serenae
332 2917 466 2997 regmae,
485 2916 604 2979 uxoris
621 2914 824 2978 Stilichonis.
870 2915 923 2977 13.
946 2915 1207 2996 Epithalamium

94 3012 248 3085 Palladii
263 3021 296 3081 et
312 3016 486 3081 Celerinae.
519 3017 574 3080 14.
598 3014 926 3098 Gigantomachiam.
964 3017 1018 3080 15.
1044 3016 1098 3081 De
1114 3015 1209 3100 Bap-

93 3121 129 3183 tu
154 3118 372 3200 Proserpinae
396 3120 473 3184 Lib.
497 3124 577 3183 tres,
623 3117 839 3183 Desideratur
861 3117 1078 3185 finis-Coo.
1104 3138 1208 3186 mem·

93 3217 193 3294 brem
208 3239 289 3307 saec.
308 3237 373 3285 xa.
389 3221 463 3284 sine
477 3221 576 3297 notis,
592 3221 807 3302 argumentis,
824 3230 857 3287 et
869 3223 1018 3305 capitum
1033 3223 1150 3288 filulis.

98 3362 103 3396 ;
137 3319 228 3393 Cod·
245 3322 344 3389 5198.
359 3322 444 3386 inter
459 3324 527 3388 alia
541 3325 646 3392 multa
660 3322 799 3405 poetica
812 3323 950 3391 exhibet
971 3324 1152 3391 Claudiani
1166 3323 1208 3391 de

93 3419 216 3507 Baplu
231 3423 441 3508 Proserpinae
458 3428 532 3492 Lib.
550 3445 607 3492 111.
630 3425 783 3495 Chartae.
799 3426 870 3490 sine
884 3427 985 3502 notis,
1001 3445 1081 3490 saec.
1097 3442 1164 3490 xv.

140 3524 229 3590 Cod.
250 3526 348 3592 3520.
370 3529 405 3591 in
421 3533 519 3593 tomis
543 3530 687 3596 duobus
734 3523 963 3604 Continentur,
978 3528 1062 3591 inter
1077 3528 1155 3604 alia,
1170 3527 1207 3592 in

93 3634 191 3702 tomo
205 3629 314 3710 primo
336 3631 592 3713 Inscriptioues,
616 3631 878 3713 Epigrammata,
895 3648 1036 3712 quorum
1049 3631 1208 3696 nnnnussa

93 3733 175 3808 (art.
189 3730 239 3808 3.)
254 3737 332 3796 sunt
345 3731 534 3798 Claudiani.
1202 3792 1206 3796 .

141 3831 234 3908 Inter
250 3830 376 3901 Codices
390 3835 602 3913 Burneiearer,
619 3834 797 3901 Claudiani
811 3833 938 3917 Opera,
954 3836 1208 3900 membraneir·

96 3953 138 4004 aa
152 3953 236 4001 saec·
254 3952 337 4002 xiv.
353 3959 430 4002 oum
443 3939 548 4004 variis
569 3937 802 4004 reflationibus
819 3937 864 4000 ad
884 3938 1026 4020 paginas
1046 3935 1211 4017 editionis⁴

96 4032 350 4107 neormam
372 4040 525 4119 secundi,
557 4039 699 4106 Amstal.
725 4055 847 4105 unnx.
901 4036 989 4114 Quae
1027 4043 1208 4121 mquuntm

98 4140 353 4215 meminimus
374 4163 419 4218 ex
439 4143 621 4216 folioraso
641 4143 707 4210 sub
728 4143 824 4214 initio
844 4140 998 4207 codicis:
1028 4140 1128 4206 ‘Ma
1136 4139 1207 4206 tris
