<?xml version="1.0" encoding="UTF-8"?>
<!DOCTYPE html PUBLIC "-//W3C//DTD XHTML 1.0 Transitional//EN"
    "http://www.w3.org/TR/xhtml1/DTD/xhtml1-transitional.dtd">
<html xmlns="http://www.w3.org/1999/xhtml" xml:lang="en" lang="en">
 <head>
  <title>
</title>
<meta http-equiv="Content-Type" content="text/html;charset=utf-8" />
  <meta name='ocr-system' content='tesseract 3.04.00' />
  <meta name='ocr-capabilities' content='ocr_page ocr_carea ocr_par ocr_line ocrx_word'/>
</head>
<body>
  <div class='ocr_page' id='page_1' title='image "./claudiiclaudian02claugoog_0130.png"; bbox 0 0 2662 4696; ppageno 0'>
   <div class='ocr_carea' id='block_1_1' title="bbox 449 301 1204 368">
    <p class='ocr_par' dir='ltr' id='par_1_1' title="bbox 449 301 1204 368">
     <span class='ocr_line' id='line_1_1' title="bbox 449 301 1204 368; baseline 0.011 -8"><span class='ocrx_word' id='word_1_1' title='bbox 449 313 500 361; x_wconf 85' lang='lat' dir='ltr'>nn</span> <span class='ocrx_word' id='word_1_2' title='bbox 521 312 573 360; x_wconf 90' lang='lat' dir='ltr'>vr.</span> <span class='ocrx_word' id='word_1_3' title='bbox 596 313 704 363; x_wconf 84' lang='lat' dir='ltr'>cous.</span> <span class='ocrx_word' id='word_1_4' title='bbox 724 314 865 365; x_wconf 82' lang='lat' dir='ltr'>uouon.</span> <span class='ocrx_word' id='word_1_5' title='bbox 1116 301 1204 368; x_wconf 84' lang='grc'>1699</span> 
     </span>
    </p>
   </div>
   <div class='ocr_carea' id='block_1_2' title="bbox 75 443 1203 594">
    <p class='ocr_par' dir='ltr' id='par_1_2' title="bbox 75 443 1203 594">
     <span class='ocr_line' id='line_1_2' title="bbox 126 443 1203 517; baseline 0.012 -20"><span class='ocrx_word' id='word_1_6' title='bbox 126 443 213 506; x_wconf 62' lang='lat' dir='ltr'>itioris</span> <span class='ocrx_word' id='word_1_7' title='bbox 225 447 347 500; x_wconf 75' lang='lat' dir='ltr'>snffnm</span> <span class='ocrx_word' id='word_1_8' title='bbox 358 452 451 515; x_wconf 82' lang='lat' dir='ltr'>saepius</span> <span class='ocrx_word' id='word_1_9' title='bbox 459 452 532 503; x_wconf 84' lang='lat' dir='ltr'>dicit.</span> <span class='ocrx_word' id='word_1_10' title='bbox 551 455 637 505; x_wconf 68' lang='lat' dir='ltr'>nous.</span> <span class='ocrx_word' id='word_1_11' title='bbox 706 458 753 503; x_wconf 90' lang='grc'>686</span> <span class='ocrx_word' id='word_1_12' title='bbox 783 454 866 517; x_wconf 81' lang='lat' dir='ltr'>Fides]</span> <span class='ocrx_word' id='word_1_13' title='bbox 896 455 965 506; x_wconf 76' lang='lat' dir='ltr'>vido</span> <span class='ocrx_word' id='word_1_14' title='bbox 988 471 1020 508; x_wconf 87' lang='grc' dir='ltr'>ιι.</span> <span class='ocrx_word' id='word_1_15' title='bbox 1044 457 1203 510; x_wconf 76' lang='lat' dir='ltr'>scincum.</span> 
     </span>
     <span class='ocr_line' id='line_1_3' title="bbox 75 527 750 594; baseline 0.007 -21"><span class='ocrx_word' id='word_1_16' title='bbox 75 538 77 547; x_wconf 91' lang='grc'><strong><em>·</em></strong></span> <span class='ocrx_word' id='word_1_17' title='bbox 148 529 188 574; x_wconf 77' lang='lat' dir='ltr'>oto</span> <span class='ocrx_word' id='word_1_18' title='bbox 197 527 347 589; x_wconf 73' lang='lat' dir='ltr'>Draconem]</span> <span class='ocrx_word' id='word_1_19' title='bbox 363 529 465 577; x_wconf 82' lang='lat' dir='ltr'>vexillo</span> <span class='ocrx_word' id='word_1_20' title='bbox 476 532 638 594; x_wconf 80' lang='lat' dir='ltr'>temporibus</span> <span class='ocrx_word' id='word_1_21' title='bbox 676 531 750 579; x_wconf 84' lang='lat' dir='ltr'>Idem.</span> 
     </span>
    </p>
   </div>
   <div class='ocr_carea' id='block_1_3' title="bbox 121 595 1215 678">
    <p class='ocr_par' dir='ltr' id='par_1_3' title="bbox 121 595 1215 678">
     <span class='ocr_line' id='line_1_4' title="bbox 121 595 1215 678; baseline 0.012 -32"><span class='ocrx_word' id='word_1_22' title='bbox 121 595 166 649; x_wconf 86' lang='lat' dir='ltr'>istis</span> <span class='ocrx_word' id='word_1_23' title='bbox 176 602 282 650; x_wconf 80' lang='lat' dir='ltr'>usitata.</span> <span class='ocrx_word' id='word_1_24' title='bbox 299 602 374 652; x_wconf 81' lang='lat' dir='ltr'>Idem.</span> <span class='ocrx_word' id='word_1_25' title='bbox 708 611 755 656; x_wconf 89' lang='grc'>687</span> <span class='ocrx_word' id='word_1_26' title='bbox 772 605 824 656; x_wconf 83' lang='lat' dir='ltr'>Hic</span> <span class='ocrx_word' id='word_1_27' title='bbox 832 606 989 673; x_wconf 76' lang='lat' dir='ltr'>cstiliepner]</span> <span class='ocrx_word' id='word_1_28' title='bbox 1004 609 1215 678; x_wconf 46' lang='lat' dir='ltr'>MirificaEnerq</span> 
     </span>
    </p>
   </div>
   <div class='ocr_carea' id='block_1_4' title="bbox 116 677 1207 825">
    <p class='ocr_par' dir='ltr' id='par_1_4' title="bbox 116 677 1207 825">
     <span class='ocr_line' id='line_1_5' title="bbox 142 677 728 747; baseline 0.014 -23"><span class='ocrx_word' id='word_1_29' title='bbox 142 680 188 725; x_wconf 77' lang='grc'>669</span> <span class='ocrx_word' id='word_1_30' title='bbox 211 677 246 725; x_wconf 84' lang='lat' dir='ltr'>Ut</span> <span class='ocrx_word' id='word_1_31' title='bbox 267 677 363 740; x_wconf 64' lang='lat' dir='ltr'>chalybe</span> <span class='ocrx_word' id='word_1_32' title='bbox 381 679 486 741; x_wconf 76' lang='lat' dir='ltr'>indutos]</span> <span class='ocrx_word' id='word_1_33' title='bbox 514 679 640 744; x_wconf 70' lang='lat' dir='ltr'>Chalybem</span> <span class='ocrx_word' id='word_1_34' title='bbox 677 683 728 747; x_wconf 74' lang='lat' dir='ltr'>gia.</span> 
     </span>
     <span class='ocr_line' id='line_1_6' title="bbox 116 749 1207 825; baseline 0.014 -27"><span class='ocrx_word' id='word_1_35' title='bbox 116 749 218 813; x_wconf 78' lang='lat' dir='ltr'>Gyrald.</span> <span class='ocrx_word' id='word_1_36' title='bbox 229 757 257 799; x_wconf 85' lang='lat' dir='ltr'>et</span> <span class='ocrx_word' id='word_1_37' title='bbox 266 751 357 800; x_wconf 86' lang='lat' dir='ltr'>decem</span> <span class='ocrx_word' id='word_1_38' title='bbox 370 753 430 802; x_wconf 88' lang='lat' dir='ltr'>aiii:</span> <span class='ocrx_word' id='word_1_39' title='bbox 447 769 512 803; x_wconf 84' lang='lat' dir='ltr'>unna</span> <span class='ocrx_word' id='word_1_40' title='bbox 520 755 640 805; x_wconf 79' lang='lat' dir='ltr'>vatican.</span> <span class='ocrx_word' id='word_1_41' title='bbox 708 760 749 809; x_wconf 77' lang='lat' dir='ltr'>Ad</span> <span class='ocrx_word' id='word_1_42' title='bbox 761 761 848 810; x_wconf 74' lang='lat' dir='ltr'>Rostro</span> <span class='ocrx_word' id='word_1_43' title='bbox 859 763 979 825; x_wconf 81' lang='lat' dir='ltr'>Quirites]</span> <span class='ocrx_word' id='word_1_44' title='bbox 995 761 1073 814; x_wconf 80' lang='lat' dir='ltr'>More</span> <span class='ocrx_word' id='word_1_45' title='bbox 1081 764 1207 813; x_wconf 71' lang='lat' dir='ltr'>Cumula-</span> 
     </span>
    </p>
   </div>
   <div class='ocr_carea' id='block_1_5' title="bbox 112 828 1056 898">
    <p class='ocr_par' dir='ltr' id='par_1_5' title="bbox 112 828 1056 898">
     <span class='ocr_line' id='line_1_7' title="bbox 112 828 1056 898; baseline 0.012 -22"><span class='ocrx_word' id='word_1_46' title='bbox 112 828 228 891; x_wconf 67' lang='lat' dir='ltr'>cinlydem</span> <span class='ocrx_word' id='word_1_47' title='bbox 255 829 378 879; x_wconf 75' lang='lat' dir='ltr'>inductos:</span> <span class='ocrx_word' id='word_1_48' title='bbox 407 833 503 893; x_wconf 85' lang='lat' dir='ltr'>primus</span> <span class='ocrx_word' id='word_1_49' title='bbox 525 832 641 896; x_wconf 86' lang='lat' dir='ltr'>ejusdem</span> <span class='ocrx_word' id='word_1_50' title='bbox 677 841 730 884; x_wconf 87' lang='lat' dir='ltr'>tum</span> <span class='ocrx_word' id='word_1_51' title='bbox 741 836 950 898; x_wconf 79' lang='lat' dir='ltr'>ingredientium.</span> <span class='ocrx_word' id='word_1_52' title='bbox 966 838 1056 887; x_wconf 74' lang='lat' dir='ltr'>Baetis.</span> 
     </span>
    </p>
   </div>
   <div class='ocr_carea' id='block_1_6' title="bbox 109 902 1209 1040">
    <p class='ocr_par' dir='ltr' id='par_1_6' title="bbox 109 902 1209 1040">
     <span class='ocr_line' id='line_1_8' title="bbox 110 902 1209 974; baseline 0.01 -21"><span class='ocrx_word' id='word_1_53' title='bbox 110 902 286 962; x_wconf 73' lang='lat' dir='ltr'>bibliothecae,</span> <span class='ocrx_word' id='word_1_54' title='bbox 302 904 419 968; x_wconf 66' lang='lat' dir='ltr'>aldonem</span> <span class='ocrx_word' id='word_1_55' title='bbox 435 909 523 966; x_wconf 79' lang='lat' dir='ltr'>dulos,-</span> <span class='ocrx_word' id='word_1_56' title='bbox 538 906 614 956; x_wconf 81' lang='lat' dir='ltr'>etsie</span> <span class='ocrx_word' id='word_1_57' title='bbox 626 923 642 956; x_wconf 88' lang='lat' dir='ltr'>a</span> <span class='ocrx_word' id='word_1_58' title='bbox 709 915 758 960; x_wconf 92' lang='grc'>688</span> <span class='ocrx_word' id='word_1_59' title='bbox 774 911 840 960; x_wconf 82' lang='lat' dir='ltr'>Solio</span> <span class='ocrx_word' id='word_1_60' title='bbox 848 911 946 974; x_wconf 76' lang='lat' dir='ltr'>clamo]</span> <span class='ocrx_word' id='word_1_61' title='bbox 963 913 1052 963; x_wconf 88' lang='lat' dir='ltr'>Curuli</span> <span class='ocrx_word' id='word_1_62' title='bbox 1067 912 1131 962; x_wconf 85' lang='lat' dir='ltr'>sella</span> <span class='ocrx_word' id='word_1_63' title='bbox 1141 914 1209 964; x_wconf 80' lang='lat' dir='ltr'>Cen·</span> 
     </span>
     <span class='ocr_line' id='line_1_9' title="bbox 109 977 860 1040; baseline 0.012 -12"><span class='ocrx_word' id='word_1_64' title='bbox 109 992 186 1028; x_wconf 83' lang='lat' dir='ltr'>mann</span> <span class='ocrx_word' id='word_1_65' title='bbox 198 977 284 1040; x_wconf 85' lang='lat' dir='ltr'>prima</span> <span class='ocrx_word' id='word_1_66' title='bbox 295 978 320 1027; x_wconf 90' lang='lat' dir='ltr'>io</span> <span class='ocrx_word' id='word_1_67' title='bbox 333 978 465 1031; x_wconf 84' lang='lat' dir='ltr'>Oiseliano</span> <span class='ocrx_word' id='word_1_68' title='bbox 482 980 562 1031; x_wconf 78' lang='lat' dir='ltr'>iuime</span> <span class='ocrx_word' id='word_1_69' title='bbox 573 982 643 1032; x_wconf 80' lang='lat' dir='ltr'>vide·</span> <span class='ocrx_word' id='word_1_70' title='bbox 679 986 767 1035; x_wconf 85' lang='lat' dir='ltr'>sulari.</span> <span class='ocrx_word' id='word_1_71' title='bbox 785 988 860 1037; x_wconf 78' lang='lat' dir='ltr'>idern.</span> 
     </span>
    </p>
   </div>
   <div class='ocr_carea' id='block_1_7' title="bbox 111 1052 1228 2258">
    <p class='ocr_par' dir='ltr' id='par_1_7' title="bbox 111 1052 1228 2258">
     <span class='ocr_line' id='line_1_10' title="bbox 111 1052 1210 1129; baseline 0.014 -29"><span class='ocrx_word' id='word_1_72' title='bbox 111 1058 161 1103; x_wconf 86' lang='lat' dir='ltr'>tor.</span> <span class='ocrx_word' id='word_1_73' title='bbox 196 1052 362 1115; x_wconf 88' lang='lat' dir='ltr'>Silius,l.1v.</span> <span class='ocrx_word' id='word_1_74' title='bbox 379 1055 644 1120; x_wconf 81' lang='lat' dir='ltr'>‘indutosqnesimnl</span> <span class='ocrx_word' id='word_1_75' title='bbox 712 1067 759 1111; x_wconf 90' lang='grc'>691</span> <span class='ocrx_word' id='word_1_76' title='bbox 776 1063 1210 1129; x_wconf 62' lang='grc' dir='ltr'>Βίςσϋίωρρήῆῡϋὶςῦΐὴοωι.</span> 
     </span>
     <span class='ocr_line' id='line_1_11' title="bbox 111 1127 1210 1207; baseline 0.015 -32"><span class='ocrx_word' id='word_1_77' title='bbox 111 1128 220 1194; x_wconf 64' lang='lat' dir='ltr'>gentilia</span> <span class='ocrx_word' id='word_1_78' title='bbox 231 1127 284 1176; x_wconf 86' lang='lat' dir='ltr'>lina</span> <span class='ocrx_word' id='word_1_79' title='bbox 294 1129 423 1179; x_wconf 70' lang='lat' dir='ltr'>Faliscos!</span> <span class='ocrx_word' id='word_1_80' title='bbox 451 1133 535 1180; x_wconf 85' lang='lat' dir='ltr'>Vetns</span> <span class='ocrx_word' id='word_1_81' title='bbox 553 1133 643 1196; x_wconf 79' lang='lat' dir='ltr'>Epigr.</span> <span class='ocrx_word' id='word_1_82' title='bbox 680 1153 744 1187; x_wconf 83' lang='lat' dir='ltr'>unns</span> <span class='ocrx_word' id='word_1_83' title='bbox 756 1139 852 1189; x_wconf 87' lang='lat' dir='ltr'>Medic.</span> <span class='ocrx_word' id='word_1_84' title='bbox 863 1142 942 1190; x_wconf 85' lang='lat' dir='ltr'>etalii</span> <span class='ocrx_word' id='word_1_85' title='bbox 951 1140 1019 1193; x_wconf 74' lang='lat' dir='ltr'>dm</span> <span class='ocrx_word' id='word_1_86' title='bbox 1035 1140 1144 1207; x_wconf 73' lang='lat' dir='ltr'>aaroni</span> <span class='ocrx_word' id='word_1_87' title='bbox 1153 1142 1210 1192; x_wconf 79' lang='lat' dir='ltr'>Sta·</span> 
     </span>
     <span class='ocr_line' id='line_1_12' title="bbox 111 1203 1213 1278; baseline 0.01 -24"><span class='ocrx_word' id='word_1_88' title='bbox 111 1204 229 1268; x_wconf 72' lang='lat' dir='ltr'>‘Fulget</span> <span class='ocrx_word' id='word_1_89' title='bbox 249 1203 403 1254; x_wconf 82' lang='lat' dir='ltr'>honorificos</span> <span class='ocrx_word' id='word_1_90' title='bbox 424 1205 528 1257; x_wconf 89' lang='lat' dir='ltr'>indutus</span> <span class='ocrx_word' id='word_1_91' title='bbox 549 1210 644 1258; x_wconf 83' lang='lat' dir='ltr'>mensis</span> <span class='ocrx_word' id='word_1_92' title='bbox 681 1214 744 1262; x_wconf 85' lang='lat' dir='ltr'>tium</span> <span class='ocrx_word' id='word_1_93' title='bbox 752 1215 857 1263; x_wconf 87' lang='lat' dir='ltr'>Pietate</span> <span class='ocrx_word' id='word_1_94' title='bbox 867 1214 1213 1278; x_wconf 74' lang='lat' dir='ltr'>Abarn‘notatistallsns,</span> 
     </span>
     <span class='ocr_line' id='line_1_13' title="bbox 112 1279 1213 1353; baseline 0.01 -24"><span class='ocrx_word' id='word_1_95' title='bbox 112 1279 239 1329; x_wconf 69' lang='lat' dir='ltr'>amiotus!</span> <span class='ocrx_word' id='word_1_96' title='bbox 254 1280 291 1328; x_wconf 89' lang='lat' dir='ltr'>D.</span> <span class='ocrx_word' id='word_1_97' title='bbox 299 1279 386 1330; x_wconf 78' lang='lat' dir='ltr'>Heius.</span> <span class='ocrx_word' id='word_1_98' title='bbox 683 1289 726 1353; x_wconf 84' lang='lat' dir='ltr'>qni</span> <span class='ocrx_word' id='word_1_99' title='bbox 738 1288 822 1339; x_wconf 82' lang='lat' dir='ltr'>flectit</span> <span class='ocrx_word' id='word_1_100' title='bbox 832 1291 1041 1353; x_wconf 64' lang='lat' dir='ltr'>nabonosorbiu</span> <span class='ocrx_word' id='word_1_101' title='bbox 1051 1299 1079 1342; x_wconf 86' lang='lat' dir='ltr'>et</span> <span class='ocrx_word' id='word_1_102' title='bbox 1089 1292 1213 1342; x_wconf 78' lang='lat' dir='ltr'>humanos</span> 
     </span>
     <span class='ocr_line' id='line_1_14' title="bbox 146 1353 1213 1431; baseline 0.011 -27"><span class='ocrx_word' id='word_1_103' title='bbox 146 1353 254 1417; x_wconf 71' lang='lat' dir='ltr'>chalybe</span> <span class='ocrx_word' id='word_1_104' title='bbox 264 1354 356 1403; x_wconf 75' lang='lat' dir='ltr'>indutos</span> <span class='ocrx_word' id='word_1_105' title='bbox 365 1356 463 1420; x_wconf 77' lang='lat' dir='ltr'>equites]</span> <span class='ocrx_word' id='word_1_106' title='bbox 491 1359 645 1423; x_wconf 79' lang='lat' dir='ltr'>cataphrac-</span> <span class='ocrx_word' id='word_1_107' title='bbox 683 1363 788 1426; x_wconf 83' lang='lat' dir='ltr'>propior</span> <span class='ocrx_word' id='word_1_108' title='bbox 797 1363 864 1412; x_wconf 80' lang='lat' dir='ltr'>Jove</span> <span class='ocrx_word' id='word_1_109' title='bbox 873 1364 962 1429; x_wconf 75' lang='lat' dir='ltr'>dirigit</span> <span class='ocrx_word' id='word_1_110' title='bbox 972 1372 1045 1415; x_wconf 86' lang='lat' dir='ltr'>actus</span> <span class='ocrx_word' id='word_1_111' title='bbox 1054 1367 1069 1414; x_wconf 92' lang='lat'>:’</span> <span class='ocrx_word' id='word_1_112' title='bbox 1078 1366 1137 1424; x_wconf 83' lang='lat' dir='ltr'>foto</span> <span class='ocrx_word' id='word_1_113' title='bbox 1149 1381 1213 1431; x_wconf 90' lang='lat' dir='ltr'>quo·</span> 
     </span>
     <span class='ocr_line' id='line_1_15' title="bbox 112 1428 1228 1501; baseline 0.009 -21"><span class='ocrx_word' id='word_1_114' title='bbox 112 1435 163 1480; x_wconf 83' lang='lat' dir='ltr'>tes.</span> <span class='ocrx_word' id='word_1_115' title='bbox 198 1428 269 1478; x_wconf 88' lang='lat' dir='ltr'>Vide</span> <span class='ocrx_word' id='word_1_116' title='bbox 281 1430 314 1479; x_wconf 86' lang='lat' dir='ltr'>ad</span> <span class='ocrx_word' id='word_1_117' title='bbox 325 1444 355 1480; x_wconf 90' lang='lat'>11.</span> <span class='ocrx_word' id='word_1_118' title='bbox 366 1433 391 1481; x_wconf 92' lang='lat' dir='ltr'>in</span> <span class='ocrx_word' id='word_1_119' title='bbox 400 1433 486 1483; x_wconf 86' lang='lat' dir='ltr'>Rufin.</span> <span class='ocrx_word' id='word_1_120' title='bbox 502 1437 592 1485; x_wconf 77' lang='lat' dir='ltr'>Burtls.</span> <span class='ocrx_word' id='word_1_121' title='bbox 684 1452 734 1501; x_wconf 86' lang='lat' dir='ltr'>quo</span> <span class='ocrx_word' id='word_1_122' title='bbox 743 1436 937 1500; x_wconf 77' lang='lat' dir='ltr'>prosectonnus</span> <span class='ocrx_word' id='word_1_123' title='bbox 947 1441 1041 1490; x_wconf 82' lang='lat' dir='ltr'>Petav.</span> <span class='ocrx_word' id='word_1_124' title='bbox 1049 1448 1077 1490; x_wconf 89' lang='lat' dir='ltr'>ut</span> <span class='ocrx_word' id='word_1_125' title='bbox 1085 1441 1143 1490; x_wconf 82' lang='lat' dir='ltr'>otim</span> <span class='ocrx_word' id='word_1_126' title='bbox 1152 1456 1228 1492; x_wconf 88' lang='lat' dir='ltr'>con·.</span> 
     </span>
     <span class='ocr_line' id='line_1_16' title="bbox 146 1505 1215 1577; baseline 0.009 -23"><span class='ocrx_word' id='word_1_127' title='bbox 146 1509 195 1554; x_wconf 88' lang='grc'>671</span> <span class='ocrx_word' id='word_1_128' title='bbox 220 1505 323 1554; x_wconf 77' lang='lat' dir='ltr'>Metello</span> <span class='ocrx_word' id='word_1_129' title='bbox 338 1507 451 1567; x_wconf 58' lang='lat' dir='ltr'>infamant</span> <span class='ocrx_word' id='word_1_130' title='bbox 472 1511 552 1574; x_wconf 74' lang='lat' dir='ltr'>equos]</span> <span class='ocrx_word' id='word_1_131' title='bbox 587 1509 648 1560; x_wconf 81' lang='lat' dir='ltr'>Ana·</span> <span class='ocrx_word' id='word_1_132' title='bbox 679 1511 880 1577; x_wconf 77' lang='lat' dir='ltr'>jeceram2sutn</span> <span class='ocrx_word' id='word_1_133' title='bbox 899 1513 1003 1577; x_wconf 82' lang='lat' dir='ltr'>imperii,</span> <span class='ocrx_word' id='word_1_134' title='bbox 1023 1520 1053 1564; x_wconf 92' lang='lat' dir='ltr'>ut</span> <span class='ocrx_word' id='word_1_135' title='bbox 1071 1515 1215 1573; x_wconf 67' lang='lat' dir='ltr'>Iatiefat·</span> 
     </span>
     <span class='ocr_line' id='line_1_17' title="bbox 118 1581 1216 1648; baseline 0.006 -19"><span class='ocrx_word' id='word_1_136' title='bbox 118 1582 227 1643; x_wconf 80' lang='lat' dir='ltr'>mianns,</span> <span class='ocrx_word' id='word_1_137' title='bbox 247 1581 344 1631; x_wconf 81' lang='lat' dir='ltr'>lxxv.</span> <span class='ocrx_word' id='word_1_138' title='bbox 367 1585 471 1635; x_wconf 80' lang='lat' dir='ltr'>‘Erant</span> <span class='ocrx_word' id='word_1_139' title='bbox 497 1601 586 1635; x_wconf 82' lang='lat' dir='ltr'>omnes</span> <span class='ocrx_word' id='word_1_140' title='bbox 605 1601 647 1636; x_wconf 85' lang='lat' dir='ltr'>ca·</span> <span class='ocrx_word' id='word_1_141' title='bbox 683 1588 743 1636; x_wconf 85' lang='lat' dir='ltr'>Vol.</span> <span class='ocrx_word' id='word_1_142' title='bbox 756 1588 861 1648; x_wconf 87' lang='lat' dir='ltr'>Flacco,</span> <span class='ocrx_word' id='word_1_143' title='bbox 870 1588 913 1637; x_wconf 87' lang='lat' dir='ltr'>lib.</span> <span class='ocrx_word' id='word_1_144' title='bbox 925 1602 964 1638; x_wconf 81' lang='lat' dir='ltr'>iv.</span> <span class='ocrx_word' id='word_1_145' title='bbox 979 1589 1047 1638; x_wconf 89' lang='lat' dir='ltr'>‘non</span> <span class='ocrx_word' id='word_1_146' title='bbox 1057 1591 1109 1639; x_wconf 87' lang='lat' dir='ltr'>ulia</span> <span class='ocrx_word' id='word_1_147' title='bbox 1119 1602 1176 1637; x_wconf 88' lang='lat' dir='ltr'>meo</span> <span class='ocrx_word' id='word_1_148' title='bbox 1186 1593 1216 1637; x_wconf 87' lang='lat' dir='ltr'>te</span> 
     </span>
     <span class='ocr_line' id='line_1_18' title="bbox 119 1656 1217 1727; baseline 0.005 -20"><span class='ocrx_word' id='word_1_149' title='bbox 119 1664 198 1708; x_wconf 77' lang='lat' dir='ltr'>terrae</span> <span class='ocrx_word' id='word_1_150' title='bbox 210 1656 328 1718; x_wconf 71' lang='lat' dir='ltr'>serratas,</span> <span class='ocrx_word' id='word_1_151' title='bbox 345 1659 383 1708; x_wconf 74' lang='lat' dir='ltr'>ila</span> <span class='ocrx_word' id='word_1_152' title='bbox 402 1675 450 1723; x_wconf 85' lang='lat' dir='ltr'>per</span> <span class='ocrx_word' id='word_1_153' title='bbox 461 1662 561 1724; x_wconf 84' lang='lat' dir='ltr'>singula</span> <span class='ocrx_word' id='word_1_154' title='bbox 571 1676 648 1711; x_wconf 90' lang='lat' dir='ltr'>mem·</span> <span class='ocrx_word' id='word_1_155' title='bbox 685 1663 798 1712; x_wconf 86' lang='lat' dir='ltr'>carmine</span> <span class='ocrx_word' id='word_1_156' title='bbox 817 1662 914 1712; x_wconf 86' lang='lat' dir='ltr'>dictam</span> <span class='ocrx_word' id='word_1_157' title='bbox 932 1662 1102 1727; x_wconf 82' lang='lat' dir='ltr'>Abstulerint,</span> <span class='ocrx_word' id='word_1_158' title='bbox 1121 1664 1217 1713; x_wconf 79' lang='lat' dir='ltr'>distent</span> 
     </span>
     <span class='ocr_line' id='line_1_19' title="bbox 118 1733 1217 1801; baseline 0.005 -18"><span class='ocrx_word' id='word_1_159' title='bbox 118 1733 164 1783; x_wconf 81' lang='lat' dir='ltr'>bra</span> <span class='ocrx_word' id='word_1_160' title='bbox 181 1733 270 1782; x_wconf 84' lang='lat' dir='ltr'>densis</span> <span class='ocrx_word' id='word_1_161' title='bbox 286 1734 384 1783; x_wconf 84' lang='lat' dir='ltr'>laminis</span> <span class='ocrx_word' id='word_1_162' title='bbox 395 1742 484 1799; x_wconf 71' lang='lat' dir='ltr'>tectae,</span> <span class='ocrx_word' id='word_1_163' title='bbox 495 1745 525 1788; x_wconf 90' lang='lat' dir='ltr'>nt</span> <span class='ocrx_word' id='word_1_164' title='bbox 536 1737 648 1801; x_wconf 81' lang='lat' dir='ltr'>rigentes</span> <span class='ocrx_word' id='word_1_165' title='bbox 686 1737 767 1787; x_wconf 83' lang='lat' dir='ltr'>Latiis</span> <span class='ocrx_word' id='word_1_166' title='bbox 776 1738 851 1787; x_wconf 87' lang='lat' dir='ltr'>modo</span> <span class='ocrx_word' id='word_1_167' title='bbox 861 1740 955 1788; x_wconf 68' lang='lat' dir='ltr'>saecula</span> <span class='ocrx_word' id='word_1_168' title='bbox 963 1738 1024 1788; x_wconf 86' lang='lat' dir='ltr'>fatis</span> <span class='ocrx_word' id='word_1_169' title='bbox 1033 1739 1049 1788; x_wconf 90' lang='lat'>:&#39;</span> <span class='ocrx_word' id='word_1_170' title='bbox 1066 1740 1104 1788; x_wconf 84' lang='lat' dir='ltr'>sic</span> <span class='ocrx_word' id='word_1_171' title='bbox 1114 1738 1217 1788; x_wconf 83' lang='lat' dir='ltr'>scribo:</span> 
     </span>
     <span class='ocr_line' id='line_1_20' title="bbox 119 1810 1217 1879; baseline 0.004 -20"><span class='ocrx_word' id='word_1_172' title='bbox 119 1810 250 1872; x_wconf 75' lang='lat' dir='ltr'>juncturae</span> <span class='ocrx_word' id='word_1_173' title='bbox 263 1811 428 1874; x_wconf 81' lang='lat' dir='ltr'><strong>compagibus</strong></span> <span class='ocrx_word' id='word_1_174' title='bbox 444 1820 544 1862; x_wconf 85' lang='lat' dir='ltr'>artuum</span> <span class='ocrx_word' id='word_1_175' title='bbox 557 1827 650 1862; x_wconf 87' lang='lat' dir='ltr'>conve·</span> <span class='ocrx_word' id='word_1_176' title='bbox 686 1812 752 1879; x_wconf 85' lang='lat' dir='ltr'>qnid</span> <span class='ocrx_word' id='word_1_177' title='bbox 761 1815 829 1862; x_wconf 81' lang='lat' dir='ltr'>eninr</span> <span class='ocrx_word' id='word_1_178' title='bbox 842 1814 995 1878; x_wconf 82' lang='lat' dir='ltr'>Hypsipylae</span> <span class='ocrx_word' id='word_1_179' title='bbox 1005 1829 1063 1864; x_wconf 88' lang='lat' dir='ltr'>curn</span> <span class='ocrx_word' id='word_1_180' title='bbox 1073 1815 1154 1865; x_wconf 85' lang='lat' dir='ltr'>Latiis</span> <span class='ocrx_word' id='word_1_181' title='bbox 1165 1812 1217 1864; x_wconf 83' lang='lat' dir='ltr'>faa·</span> 
     </span>
     <span class='ocr_line' id='line_1_21' title="bbox 122 1884 1221 1954; baseline 0.004 -20"><span class='ocrx_word' id='word_1_182' title='bbox 122 1884 224 1935; x_wconf 67' lang='lat' dir='ltr'>nitent?</span> <span class='ocrx_word' id='word_1_183' title='bbox 241 1886 317 1934; x_wconf 80' lang='lat' dir='ltr'>Idem.</span> <span class='ocrx_word' id='word_1_184' title='bbox 687 1891 738 1940; x_wconf 86' lang='lat' dir='ltr'>tis?</span> <span class='ocrx_word' id='word_1_185' title='bbox 754 1891 840 1952; x_wconf 79' lang='lat' dir='ltr'>Silius,</span> <span class='ocrx_word' id='word_1_186' title='bbox 852 1891 897 1940; x_wconf 84' lang='lat' dir='ltr'>lib.</span> <span class='ocrx_word' id='word_1_187' title='bbox 908 1904 966 1940; x_wconf 78' lang='lat' dir='ltr'>xvi.</span> <span class='ocrx_word' id='word_1_188' title='bbox 981 1892 989 1918; x_wconf 88' lang='lat'>‘</span> <span class='ocrx_word' id='word_1_189' title='bbox 1003 1891 1125 1954; x_wconf 78' lang='lat' dir='ltr'>adjunget</span> <span class='ocrx_word' id='word_1_190' title='bbox 1136 1889 1221 1940; x_wconf 81' lang='lat' dir='ltr'>Latiis</span> 
     </span>
     <span class='ocr_line' id='line_1_22' title="bbox 151 1962 1092 2028; baseline 0.006 -17"><span class='ocrx_word' id='word_1_191' title='bbox 151 1966 200 2011; x_wconf 76' lang='grc'>679</span> <span class='ocrx_word' id='word_1_192' title='bbox 218 1962 323 2011; x_wconf 77' lang='lat' dir='ltr'>Addidit</span> <span class='ocrx_word' id='word_1_193' title='bbox 337 1962 469 2025; x_wconf 73' lang='lat' dir='ltr'>tinnitum]</span> <span class='ocrx_word' id='word_1_194' title='bbox 494 1964 586 2014; x_wconf 77' lang='lat' dir='ltr'>Indidit</span> <span class='ocrx_word' id='word_1_195' title='bbox 602 1965 651 2028; x_wconf 82' lang='lat' dir='ltr'>pri.</span> <span class='ocrx_word' id='word_1_196' title='bbox 688 1972 734 2015; x_wconf 82' lang='lat' dir='ltr'>tua</span> <span class='ocrx_word' id='word_1_197' title='bbox 744 1966 935 2016; x_wconf 74' lang='lat' dir='ltr'>nominafatis!</span> <span class='ocrx_word' id='word_1_198' title='bbox 951 1966 991 2017; x_wconf 79' lang='grc' dir='ltr'>Ἰ).</span> <span class='ocrx_word' id='word_1_199' title='bbox 1002 1968 1092 2018; x_wconf 80' lang='lat' dir='ltr'>Heius.</span> 
     </span>
     <span class='ocr_line' id='line_1_23' title="bbox 125 2035 1220 2108; baseline 0.009 -26"><span class='ocrx_word' id='word_1_200' title='bbox 125 2035 208 2086; x_wconf 85' lang='lat' dir='ltr'>Vatic.</span> <span class='ocrx_word' id='word_1_201' title='bbox 220 2043 247 2087; x_wconf 90' lang='lat' dir='ltr'>et</span> <span class='ocrx_word' id='word_1_202' title='bbox 259 2036 313 2086; x_wconf 80' lang='lat' dir='ltr'>delli</span> <span class='ocrx_word' id='word_1_203' title='bbox 327 2052 373 2101; x_wconf 83' lang='lat' dir='ltr'>pro</span> <span class='ocrx_word' id='word_1_204' title='bbox 388 2037 475 2098; x_wconf 78' lang='lat' dir='ltr'>bellis3</span> <span class='ocrx_word' id='word_1_205' title='bbox 488 2040 614 2104; x_wconf 86' lang='lat' dir='ltr'>quomodo</span> <span class='ocrx_word' id='word_1_206' title='bbox 625 2048 653 2091; x_wconf 83' lang='lat' dir='ltr'>et</span> <span class='ocrx_word' id='word_1_207' title='bbox 721 2047 769 2092; x_wconf 80' lang='grc'>694</span> <span class='ocrx_word' id='word_1_208' title='bbox 785 2043 922 2105; x_wconf 72' lang='lat' dir='ltr'>Agnoscunt</span> <span class='ocrx_word' id='word_1_209' title='bbox 936 2044 1053 2108; x_wconf 78' lang='lat' dir='ltr'>proceres]</span> <span class='ocrx_word' id='word_1_210' title='bbox 1069 2045 1157 2094; x_wconf 86' lang='lat' dir='ltr'>Unum</span> <span class='ocrx_word' id='word_1_211' title='bbox 1175 2056 1220 2094; x_wconf 83' lang='lat' dir='ltr'>ve·</span> 
     </span>
     <span class='ocr_line' id='line_1_24' title="bbox 126 2112 1220 2182; baseline 0.008 -23"><span class='ocrx_word' id='word_1_212' title='bbox 126 2112 226 2162; x_wconf 88' lang='lat' dir='ltr'>tertius.</span> <span class='ocrx_word' id='word_1_213' title='bbox 242 2113 278 2160; x_wconf 86' lang='lat' dir='ltr'>D.</span> <span class='ocrx_word' id='word_1_214' title='bbox 291 2112 376 2162; x_wconf 81' lang='lat' dir='ltr'>Heius.</span> <span class='ocrx_word' id='word_1_215' title='bbox 689 2120 854 2182; x_wconf 78' lang='lat' dir='ltr'>intexipais.</span> <span class='ocrx_word' id='word_1_216' title='bbox 888 2120 935 2170; x_wconf 81' lang='lat' dir='ltr'>Ait</span> <span class='ocrx_word' id='word_1_217' title='bbox 951 2121 1034 2170; x_wconf 82' lang='lat' dir='ltr'>omnia</span> <span class='ocrx_word' id='word_1_218' title='bbox 1052 2122 1084 2169; x_wconf 87' lang='lat' dir='ltr'>ad</span> <span class='ocrx_word' id='word_1_219' title='bbox 1103 2126 1220 2170; x_wconf 84' lang='lat' dir='ltr'>veterem</span> 
     </span>
     <span class='ocr_line' id='line_1_25' title="bbox 155 2188 1221 2258; baseline 0.004 -20"><span class='ocrx_word' id='word_1_220' title='bbox 155 2188 290 2238; x_wconf 76' lang='lat' dir='ltr'>Sisnuiucro</span> <span class='ocrx_word' id='word_1_221' title='bbox 300 2189 365 2251; x_wconf 83' lang='lat' dir='ltr'>nino]</span> <span class='ocrx_word' id='word_1_222' title='bbox 384 2189 489 2240; x_wconf 85' lang='lat' dir='ltr'>Statuas</span> <span class='ocrx_word' id='word_1_223' title='bbox 501 2191 573 2243; x_wconf 85' lang='lat' dir='ltr'>dicit.</span> <span class='ocrx_word' id='word_1_224' title='bbox 590 2194 654 2243; x_wconf 82' lang='lat' dir='ltr'>Boe·</span> <span class='ocrx_word' id='word_1_225' title='bbox 690 2207 787 2243; x_wconf 88' lang='lat' dir='ltr'>morem</span> <span class='ocrx_word' id='word_1_226' title='bbox 796 2194 911 2256; x_wconf 85' lang='lat' dir='ltr'>redacte,</span> <span class='ocrx_word' id='word_1_227' title='bbox 920 2196 1089 2245; x_wconf 79' lang='lat' dir='ltr'>senatoribus</span> <span class='ocrx_word' id='word_1_228' title='bbox 1094 2196 1138 2258; x_wconf 84' lang='lat' dir='ltr'>jus</span> <span class='ocrx_word' id='word_1_229' title='bbox 1148 2194 1221 2243; x_wconf 83' lang='lat' dir='ltr'>velut</span> 
     </span>
    </p>
   </div>
   <div class='ocr_carea' id='block_1_8' title="bbox 127 2265 1223 2408">
    <p class='ocr_par' dir='ltr' id='par_1_8' title="bbox 127 2265 1223 2408">
     <span class='ocr_line' id='line_1_26' title="bbox 127 2265 1129 2331; baseline 0.004 -17"><span class='ocrx_word' id='word_1_230' title='bbox 127 2265 195 2314; x_wconf 64' lang='lat' dir='ltr'>liras</span> <span class='ocrx_word' id='word_1_231' title='bbox 692 2267 1023 2331; x_wconf 85' lang='lat' dir='ltr'>conferentibus·Principi.</span> <span class='ocrx_word' id='word_1_232' title='bbox 1039 2270 1129 2318; x_wconf 68' lang='lat' dir='ltr'>Booti.</span> 
     </span>
     <span class='ocr_line' id='line_1_27' title="bbox 156 2340 1223 2408; baseline 0.004 -18"><span class='ocrx_word' id='word_1_233' title='bbox 156 2345 206 2390; x_wconf 91' lang='grc'>676</span> <span class='ocrx_word' id='word_1_234' title='bbox 217 2340 326 2390; x_wconf 66' lang='lat' dir='ltr'>duania</span> <span class='ocrx_word' id='word_1_235' title='bbox 336 2340 420 2391; x_wconf 66' lang='lat' dir='ltr'>otoo</span> <span class='ocrx_word' id='word_1_236' title='bbox 427 2341 503 2391; x_wconf 82' lang='lat' dir='ltr'>Ornet</span> <span class='ocrx_word' id='word_1_237' title='bbox 514 2343 577 2406; x_wconf 81' lang='lat' dir='ltr'>uois]</span> <span class='ocrx_word' id='word_1_238' title='bbox 586 2343 655 2392; x_wconf 87' lang='lat' dir='ltr'>Vide</span> <span class='ocrx_word' id='word_1_239' title='bbox 725 2347 773 2391; x_wconf 89' lang='grc'>697</span> <span class='ocrx_word' id='word_1_240' title='bbox 791 2343 855 2391; x_wconf 79' lang='lat' dir='ltr'>Tolie</span> <span class='ocrx_word' id='word_1_241' title='bbox 871 2343 972 2390; x_wconf 81' lang='lat' dir='ltr'>victorio</span> <span class='ocrx_word' id='word_1_242' title='bbox 992 2343 1096 2408; x_wconf 78' lang='lat' dir='ltr'>templis]</span> <span class='ocrx_word' id='word_1_243' title='bbox 1120 2344 1223 2394; x_wconf 86' lang='lat' dir='ltr'>Primus</span> 
     </span>
    </p>
   </div>
   <div class='ocr_carea' id='block_1_9' title="bbox 132 2415 1224 2481">
    <p class='ocr_par' dir='ltr' id='par_1_9' title="bbox 132 2415 1224 2481">
     <span class='ocr_line' id='line_1_28' title="bbox 132 2415 1224 2481; baseline 0.004 -16"><span class='ocrx_word' id='word_1_244' title='bbox 132 2415 252 2480; x_wconf 73' lang='lat' dir='ltr'>lipsium,</span> <span class='ocrx_word' id='word_1_245' title='bbox 262 2417 279 2465; x_wconf 91' lang='lat' dir='ltr'>l.</span> <span class='ocrx_word' id='word_1_246' title='bbox 290 2429 334 2465; x_wconf 90' lang='grc' dir='ltr'><strong>ιιι.</strong></span> <span class='ocrx_word' id='word_1_247' title='bbox 354 2416 387 2466; x_wconf 87' lang='lat' dir='ltr'>de</span> <span class='ocrx_word' id='word_1_248' title='bbox 402 2417 657 2468; x_wconf 66' lang='lat' dir='ltr'>minitationes.</span> <span class='ocrx_word' id='word_1_249' title='bbox 694 2419 870 2481; x_wconf 84' lang='lat' dir='ltr'>Mariangelus</span> <span class='ocrx_word' id='word_1_250' title='bbox 892 2415 1033 2468; x_wconf 83' lang='lat' dir='ltr'>A&#39;ccursius</span> <span class='ocrx_word' id='word_1_251' title='bbox 1055 2419 1174 2468; x_wconf 87' lang='lat' dir='ltr'>Diatribe</span> <span class='ocrx_word' id='word_1_252' title='bbox 1196 2420 1224 2469; x_wconf 92' lang='lat' dir='ltr'>in</span> 
     </span>
    </p>
   </div>
   <div class='ocr_carea' id='block_1_10' title="bbox 131 2478 1320 2558">
    <p class='ocr_par' dir='ltr' id='par_1_10' title="bbox 131 2478 1320 2558">
     <span class='ocr_line' id='line_1_29' title="bbox 131 2478 1320 2558; baseline 0.003 -18"><span class='ocrx_word' id='word_1_253' title='bbox 131 2490 202 2542; x_wconf 80' lang='lat' dir='ltr'>idem.</span> <span class='ocrx_word' id='word_1_254' title='bbox 694 2494 834 2545; x_wconf 85' lang='lat' dir='ltr'>Ausonium</span> <span class='ocrx_word' id='word_1_255' title='bbox 845 2496 893 2543; x_wconf 84' lang='lat' dir='ltr'>oles</span> <span class='ocrx_word' id='word_1_256' title='bbox 903 2493 1039 2558; x_wconf 75' lang='lat' dir='ltr'>legendum</span> <span class='ocrx_word' id='word_1_257' title='bbox 1050 2495 1169 2555; x_wconf 83' lang='lat' dir='ltr'>monuit:</span> <span class='ocrx_word' id='word_1_258' title='bbox 1186 2500 1226 2544; x_wconf 86' lang='lat' dir='ltr'>at·</span> <span class='ocrx_word' id='word_1_259' title='bbox 1310 2478 1320 2487; x_wconf 57' lang='grc'><strong>”</strong></span> 
     </span>
    </p>
   </div>
   <div class='ocr_carea' id='block_1_11' title="bbox 131 2566 1241 4144">
    <p class='ocr_par' dir='ltr' id='par_1_11' title="bbox 131 2566 1229 2938">
     <span class='ocr_line' id='line_1_30' title="bbox 159 2566 1226 2638; baseline 0.005 -21"><span class='ocrx_word' id='word_1_260' title='bbox 159 2567 338 2631; x_wconf 68' lang='lat' dir='ltr'>duodiconis]</span> <span class='ocrx_word' id='word_1_261' title='bbox 354 2569 426 2616; x_wconf 87' lang='lat' dir='ltr'>Pavo</span> <span class='ocrx_word' id='word_1_262' title='bbox 437 2566 491 2617; x_wconf 86' lang='lat' dir='ltr'>scil.</span> <span class='ocrx_word' id='word_1_263' title='bbox 515 2567 546 2618; x_wconf 89' lang='lat' dir='ltr'>In</span> <span class='ocrx_word' id='word_1_264' title='bbox 556 2569 658 2632; x_wconf 77' lang='lat' dir='ltr'>pictura</span> <span class='ocrx_word' id='word_1_265' title='bbox 695 2587 744 2638; x_wconf 87' lang='lat' dir='ltr'>que</span> <span class='ocrx_word' id='word_1_266' title='bbox 755 2571 794 2621; x_wconf 86' lang='lat' dir='ltr'>ita</span> <span class='ocrx_word' id='word_1_267' title='bbox 804 2571 897 2634; x_wconf 84' lang='lat' dir='ltr'>Isingr.</span> <span class='ocrx_word' id='word_1_268' title='bbox 915 2571 1024 2635; x_wconf 86' lang='lat' dir='ltr'>Gyraid.</span> <span class='ocrx_word' id='word_1_269' title='bbox 1042 2576 1095 2621; x_wconf 86' lang='lat' dir='ltr'>tres</span> <span class='ocrx_word' id='word_1_270' title='bbox 1102 2569 1226 2621; x_wconf 80' lang='lat' dir='ltr'>Vaticani</span> 
     </span>
     <span class='ocr_line' id='line_1_31' title="bbox 131 2644 1226 2712; baseline 0.002 -17"><span class='ocrx_word' id='word_1_271' title='bbox 131 2645 291 2710; x_wconf 79' lang='lat' dir='ltr'>Aquileiensi</span> <span class='ocrx_word' id='word_1_272' title='bbox 301 2644 349 2710; x_wconf 84' lang='lat' dir='ltr'>(ait</span> <span class='ocrx_word' id='word_1_273' title='bbox 359 2645 557 2711; x_wconf 78' lang='lat' dir='ltr'>Panegyristes)</span> <span class='ocrx_word' id='word_1_274' title='bbox 574 2648 660 2711; x_wconf 85' lang='lat' dir='ltr'>puella</span> <span class='ocrx_word' id='word_1_275' title='bbox 695 2656 722 2698; x_wconf 92' lang='lat' dir='ltr'>et</span> <span class='ocrx_word' id='word_1_276' title='bbox 730 2648 780 2696; x_wconf 86' lang='lat' dir='ltr'>dno</span> <span class='ocrx_word' id='word_1_277' title='bbox 790 2647 919 2708; x_wconf 85' lang='lat' dir='ltr'>Medicei;</span> <span class='ocrx_word' id='word_1_278' title='bbox 937 2648 1013 2696; x_wconf 90' lang='lat' dir='ltr'>etiam</span> <span class='ocrx_word' id='word_1_279' title='bbox 1021 2648 1168 2698; x_wconf 85' lang='lat' dir='ltr'>Prioaeanar</span> <span class='ocrx_word' id='word_1_280' title='bbox 1177 2661 1226 2712; x_wconf 87' lang='lat' dir='ltr'>pro</span> 
     </span>
     <span class='ocr_line' id='line_1_32' title="bbox 132 2720 1229 2787; baseline 0 -14"><span class='ocrx_word' id='word_1_281' title='bbox 132 2721 205 2781; x_wconf 76' lang='lat' dir='ltr'>offert</span> <span class='ocrx_word' id='word_1_282' title='bbox 216 2720 386 2772; x_wconf 81' lang='lat' dir='ltr'>Constantino</span> <span class='ocrx_word' id='word_1_283' title='bbox 404 2724 503 2786; x_wconf 77' lang='lat' dir='ltr'>galeam</span> <span class='ocrx_word' id='word_1_284' title='bbox 520 2739 581 2773; x_wconf 83' lang='lat' dir='ltr'>auro</span> <span class='ocrx_word' id='word_1_285' title='bbox 592 2739 660 2787; x_wconf 78' lang='lat' dir='ltr'>gem·</span> <span class='ocrx_word' id='word_1_286' title='bbox 696 2724 798 2773; x_wconf 87' lang='lat' dir='ltr'>diversa</span> <span class='ocrx_word' id='word_1_287' title='bbox 817 2724 939 2774; x_wconf 86' lang='lat' dir='ltr'>lectione.</span> <span class='ocrx_word' id='word_1_288' title='bbox 972 2724 1066 2773; x_wconf 83' lang='lat' dir='ltr'>Facilis</span> <span class='ocrx_word' id='word_1_289' title='bbox 1082 2724 1124 2772; x_wconf 82' lang='lat' dir='ltr'>hio</span> <span class='ocrx_word' id='word_1_290' title='bbox 1143 2737 1229 2774; x_wconf 79' lang='lat' dir='ltr'>emor.</span> 
     </span>
     <span class='ocr_line' id='line_1_33' title="bbox 132 2798 1229 2863; baseline -0.001 -14"><span class='ocrx_word' id='word_1_291' title='bbox 132 2799 230 2863; x_wconf 82' lang='lat' dir='ltr'>mleque</span> <span class='ocrx_word' id='word_1_292' title='bbox 241 2798 395 2861; x_wconf 72' lang='lat' dir='ltr'>radiantem,</span> <span class='ocrx_word' id='word_1_293' title='bbox 407 2806 433 2847; x_wconf 87' lang='lat' dir='ltr'>et</span> <span class='ocrx_word' id='word_1_294' title='bbox 444 2799 534 2860; x_wconf 83' lang='lat' dir='ltr'>pennis</span> <span class='ocrx_word' id='word_1_295' title='bbox 546 2798 660 2863; x_wconf 78' lang='lat' dir='ltr'>pulchro</span> <span class='ocrx_word' id='word_1_296' title='bbox 696 2801 740 2851; x_wconf 84' lang='lat' dir='ltr'>Sic</span> <span class='ocrx_word' id='word_1_297' title='bbox 756 2800 823 2863; x_wconf 86' lang='lat' dir='ltr'>apud</span> <span class='ocrx_word' id='word_1_298' title='bbox 839 2801 897 2849; x_wconf 85' lang='lat' dir='ltr'>Vol.</span> <span class='ocrx_word' id='word_1_299' title='bbox 910 2800 1041 2862; x_wconf 78' lang='lat' dir='ltr'>Flaccum,</span> <span class='ocrx_word' id='word_1_300' title='bbox 1061 2799 1107 2849; x_wconf 85' lang='lat' dir='ltr'>lib.</span> <span class='ocrx_word' id='word_1_301' title='bbox 1117 2813 1148 2848; x_wconf 92' lang='grc' dir='ltr'>ιι.</span> <span class='ocrx_word' id='word_1_302' title='bbox 1168 2813 1229 2848; x_wconf 86' lang='lat' dir='ltr'>enm</span> 
     </span>
     <span class='ocr_line' id='line_1_34' title="bbox 133 2872 1229 2938; baseline -0.001 -15"><span class='ocrx_word' id='word_1_303' title='bbox 133 2873 201 2924; x_wconf 89' lang='lat' dir='ltr'>alitis</span> <span class='ocrx_word' id='word_1_304' title='bbox 212 2873 376 2924; x_wconf 85' lang='lat' dir='ltr'>eminentem.</span> <span class='ocrx_word' id='word_1_305' title='bbox 395 2875 488 2934; x_wconf 76' lang='lat' dir='ltr'>Closer.</span> <span class='ocrx_word' id='word_1_306' title='bbox 698 2876 774 2938; x_wconf 77' lang='lat' dir='ltr'>vulgo</span> <span class='ocrx_word' id='word_1_307' title='bbox 786 2873 929 2923; x_wconf 84' lang='lat' dir='ltr'>scribatur:</span> <span class='ocrx_word' id='word_1_308' title='bbox 946 2872 1091 2921; x_wconf 81' lang='lat' dir='ltr'>‘Attamen</span> <span class='ocrx_word' id='word_1_309' title='bbox 1104 2873 1229 2922; x_wconf 77' lang='lat' dir='ltr'>bostelen</span> 
     </span>
    </p>

    <p class='ocr_par' dir='ltr' id='par_1_12' title="bbox 133 2945 1232 3310">
     <span class='ocr_line' id='line_1_35' title="bbox 163 2945 1232 3013; baseline -0.003 -14"><span class='ocrx_word' id='word_1_310' title='bbox 163 2953 213 2999; x_wconf 85' lang='grc'>679</span> <span class='ocrx_word' id='word_1_311' title='bbox 229 2949 335 3011; x_wconf 76' lang='lat' dir='ltr'>Rigidos</span> <span class='ocrx_word' id='word_1_312' title='bbox 351 2950 444 2999; x_wconf 75' lang='lat' dir='ltr'>oilroeo</span> <span class='ocrx_word' id='word_1_313' title='bbox 461 2965 504 3013; x_wconf 81' lang='lat' dir='ltr'>per</span> <span class='ocrx_word' id='word_1_314' title='bbox 514 2950 604 3012; x_wconf 68' lang='lat' dir='ltr'>mmor]</span> <span class='ocrx_word' id='word_1_315' title='bbox 618 2952 664 2999; x_wconf 87' lang='lat' dir='ltr'>Se·</span> <span class='ocrx_word' id='word_1_316' title='bbox 699 2949 788 2999; x_wconf 83' lang='lat' dir='ltr'>forsan</span> <span class='ocrx_word' id='word_1_317' title='bbox 805 2949 922 2996; x_wconf 84' lang='lat' dir='ltr'>solabere</span> <span class='ocrx_word' id='word_1_318' title='bbox 942 2962 1017 2996; x_wconf 83' lang='lat' dir='ltr'>casus</span> <span class='ocrx_word' id='word_1_319' title='bbox 1034 2949 1076 2998; x_wconf 85' lang='lat' dir='ltr'>Tu</span> <span class='ocrx_word' id='word_1_320' title='bbox 1095 2945 1232 3010; x_wconf 80' lang='lat' dir='ltr'>thalamis,’</span> 
     </span>
     <span class='ocr_line' id='line_1_36' title="bbox 133 3021 1230 3088; baseline -0.005 -13"><span class='ocrx_word' id='word_1_321' title='bbox 133 3024 200 3075; x_wconf 81' lang='lat' dir='ltr'>sicas</span> <span class='ocrx_word' id='word_1_322' title='bbox 221 3022 317 3072; x_wconf 80' lang='lat' dir='ltr'>fascias</span> <span class='ocrx_word' id='word_1_323' title='bbox 334 3023 466 3088; x_wconf 80' lang='lat' dir='ltr'>intelligit,</span> <span class='ocrx_word' id='word_1_324' title='bbox 481 3025 572 3088; x_wconf 84' lang='lat' dir='ltr'>quibus</span> <span class='ocrx_word' id='word_1_325' title='bbox 590 3038 664 3073; x_wconf 84' lang='lat' dir='ltr'>enses</span> <span class='ocrx_word' id='word_1_326' title='bbox 700 3022 838 3085; x_wconf 81' lang='lat' dir='ltr'>legendum</span> <span class='ocrx_word' id='word_1_327' title='bbox 853 3021 967 3070; x_wconf 67' lang='grc' dir='ltr'>16666ὶί9.</span> <span class='ocrx_word' id='word_1_328' title='bbox 999 3021 1042 3070; x_wconf 87' lang='lat' dir='ltr'>Sic</span> <span class='ocrx_word' id='word_1_329' title='bbox 1061 3026 1088 3070; x_wconf 90' lang='lat' dir='ltr'>et</span> <span class='ocrx_word' id='word_1_330' title='bbox 1103 3024 1230 3085; x_wconf 71' lang='lat' dir='ltr'>praepetem</span> 
     </span>
     <span class='ocr_line' id='line_1_37' title="bbox 135 3095 1231 3164; baseline -0.005 -13"><span class='ocrx_word' id='word_1_331' title='bbox 135 3101 265 3164; x_wconf 86' lang='lat' dir='ltr'>suspensi,</span> <span class='ocrx_word' id='word_1_332' title='bbox 290 3107 320 3150; x_wconf 88' lang='lat' dir='ltr'>ut</span> <span class='ocrx_word' id='word_1_333' title='bbox 341 3102 470 3163; x_wconf 75' lang='lat' dir='ltr'>galearum</span> <span class='ocrx_word' id='word_1_334' title='bbox 491 3101 548 3149; x_wconf 89' lang='lat' dir='ltr'>coni</span> <span class='ocrx_word' id='word_1_335' title='bbox 572 3100 665 3151; x_wconf 87' lang='lat' dir='ltr'>ornati.</span> <span class='ocrx_word' id='word_1_336' title='bbox 701 3097 824 3146; x_wconf 80' lang='lat' dir='ltr'>uictoriam</span> <span class='ocrx_word' id='word_1_337' title='bbox 836 3103 913 3147; x_wconf 86' lang='lat' dir='ltr'>vocat</span> <span class='ocrx_word' id='word_1_338' title='bbox 924 3095 1094 3159; x_wconf 83' lang='lat' dir='ltr'>Prudentius,</span> <span class='ocrx_word' id='word_1_339' title='bbox 1113 3102 1141 3145; x_wconf 88' lang='lat' dir='ltr'>et</span> <span class='ocrx_word' id='word_1_340' title='bbox 1151 3095 1231 3145; x_wconf 76' lang='lat' dir='ltr'>etitem</span> 
     </span>
     <span class='ocr_line' id='line_1_38' title="bbox 136 3170 1232 3241; baseline -0.005 -13"><span class='ocrx_word' id='word_1_341' title='bbox 136 3177 306 3241; x_wconf 80' lang='lat' dir='ltr'>Catapbracti</span> <span class='ocrx_word' id='word_1_342' title='bbox 316 3176 411 3227; x_wconf 82' lang='lat' dir='ltr'>auratis</span> <span class='ocrx_word' id='word_1_343' title='bbox 420 3176 533 3239; x_wconf 82' lang='lat' dir='ltr'>squamis</span> <span class='ocrx_word' id='word_1_344' title='bbox 540 3177 666 3226; x_wconf 86' lang='lat' dir='ltr'>ornaban·</span> <span class='ocrx_word' id='word_1_345' title='bbox 696 3172 790 3233; x_wconf 78' lang='lat' dir='ltr'>fumum</span> <span class='ocrx_word' id='word_1_346' title='bbox 805 3179 894 3222; x_wconf 82' lang='lat' dir='ltr'>noster</span> <span class='ocrx_word' id='word_1_347' title='bbox 912 3173 959 3223; x_wconf 85' lang='lat' dir='ltr'>lib.</span> <span class='ocrx_word' id='word_1_348' title='bbox 970 3186 1002 3223; x_wconf 88' lang='lat'>11.</span> <span class='ocrx_word' id='word_1_349' title='bbox 1022 3172 1051 3221; x_wconf 91' lang='lat' dir='ltr'>in</span> <span class='ocrx_word' id='word_1_350' title='bbox 1068 3171 1169 3222; x_wconf 83' lang='lat' dir='ltr'>Stilich.</span> <span class='ocrx_word' id='word_1_351' title='bbox 1186 3170 1232 3222; x_wconf 86' lang='lat' dir='ltr'>nbi</span> 
     </span>
     <span class='ocr_line' id='line_1_39' title="bbox 137 3247 932 3310; baseline -0.006 -7"><span class='ocrx_word' id='word_1_352' title='bbox 137 3261 189 3303; x_wconf 89' lang='lat' dir='ltr'>tor.</span> <span class='ocrx_word' id='word_1_353' title='bbox 206 3252 298 3302; x_wconf 73' lang='lat' dir='ltr'>Barth.</span> <span class='ocrx_word' id='word_1_354' title='bbox 703 3249 785 3310; x_wconf 85' lang='lat' dir='ltr'>plura.</span> <span class='ocrx_word' id='word_1_355' title='bbox 801 3247 836 3296; x_wconf 90' lang='lat' dir='ltr'>D.</span> <span class='ocrx_word' id='word_1_356' title='bbox 846 3247 932 3298; x_wconf 66' lang='lat' dir='ltr'>Heius.</span> 
     </span>
    </p>

    <p class='ocr_par' dir='ltr' id='par_1_13' title="bbox 138 3322 1235 3546">
     <span class='ocr_line' id='line_1_40' title="bbox 169 3322 1233 3390; baseline -0.004 -13"><span class='ocrx_word' id='word_1_357' title='bbox 169 3331 218 3378; x_wconf 88' lang='grc'>677</span> <span class='ocrx_word' id='word_1_358' title='bbox 237 3328 320 3377; x_wconf 66' lang='lat' dir='ltr'>Rubra</span> <span class='ocrx_word' id='word_1_359' title='bbox 337 3327 474 3390; x_wconf 79' lang='lat' dir='ltr'>rulouroto]</span> <span class='ocrx_word' id='word_1_360' title='bbox 500 3328 623 3378; x_wconf 67' lang='lat' dir='ltr'>&amp;lecolo</span> <span class='ocrx_word' id='word_1_361' title='bbox 640 3328 668 3376; x_wconf 89' lang='lat' dir='ltr'>ii·</span> <span class='ocrx_word' id='word_1_362' title='bbox 740 3322 1233 3385; x_wconf 79' lang='lat' dir='ltr'>Victorio]Cicer.deNet.Deor.‘Rea</span> 
     </span>
     <span class='ocr_line' id='line_1_41' title="bbox 138 3398 1234 3468; baseline -0.005 -14"><span class='ocrx_word' id='word_1_363' title='bbox 138 3403 197 3454; x_wconf 83' lang='lat' dir='ltr'>dem</span> <span class='ocrx_word' id='word_1_364' title='bbox 205 3404 270 3452; x_wconf 83' lang='lat' dir='ltr'>Vel.</span> <span class='ocrx_word' id='word_1_365' title='bbox 290 3403 322 3453; x_wconf 89' lang='lat' dir='ltr'>de</span> <span class='ocrx_word' id='word_1_366' title='bbox 329 3405 401 3468; x_wconf 81' lang='lat' dir='ltr'>equis</span> <span class='ocrx_word' id='word_1_367' title='bbox 409 3403 585 3468; x_wconf 83' lang='lat' dir='ltr'>cataphractis</span> <span class='ocrx_word' id='word_1_368' title='bbox 595 3403 669 3453; x_wconf 88' lang='lat' dir='ltr'>intel-</span> <span class='ocrx_word' id='word_1_369' title='bbox 704 3400 731 3449; x_wconf 92' lang='lat' dir='ltr'>in</span> <span class='ocrx_word' id='word_1_370' title='bbox 741 3399 838 3463; x_wconf 83' lang='lat' dir='ltr'>quavis</span> <span class='ocrx_word' id='word_1_371' title='bbox 850 3398 919 3448; x_wconf 85' lang='lat' dir='ltr'>inest</span> <span class='ocrx_word' id='word_1_372' title='bbox 938 3401 1019 3462; x_wconf 91' lang='lat' dir='ltr'>major</span> <span class='ocrx_word' id='word_1_373' title='bbox 1035 3400 1121 3462; x_wconf 82' lang='lat' dir='ltr'>aliqua</span> <span class='ocrx_word' id='word_1_374' title='bbox 1140 3401 1178 3449; x_wconf 84' lang='lat' dir='ltr'>sic</span> <span class='ocrx_word' id='word_1_375' title='bbox 1188 3414 1234 3464; x_wconf 82' lang='lat' dir='ltr'>ap·</span> 
     </span>
     <span class='ocr_line' id='line_1_42' title="bbox 138 3474 1235 3546; baseline -0.004 -18"><span class='ocrx_word' id='word_1_376' title='bbox 138 3477 283 3546; x_wconf 81' lang='lat' dir='ltr'>ligandum.</span> <span class='ocrx_word' id='word_1_377' title='bbox 300 3478 432 3528; x_wconf 56' lang='lat' dir='ltr'>&amp;Heius</span> <span class='ocrx_word' id='word_1_378' title='bbox 706 3475 828 3538; x_wconf 82' lang='lat' dir='ltr'>pellatur,</span> <span class='ocrx_word' id='word_1_379' title='bbox 847 3479 877 3522; x_wconf 90' lang='lat' dir='ltr'>ut</span> <span class='ocrx_word' id='word_1_380' title='bbox 898 3488 929 3522; x_wconf 90' lang='lat' dir='ltr'>ea</span> <span class='ocrx_word' id='word_1_381' title='bbox 949 3474 1006 3536; x_wconf 84' lang='lat' dir='ltr'>ipsa</span> <span class='ocrx_word' id='word_1_382' title='bbox 1029 3475 1066 3523; x_wconf 82' lang='lat' dir='ltr'>vir</span> <span class='ocrx_word' id='word_1_383' title='bbox 1087 3476 1235 3524; x_wconf 80' lang='lat' dir='ltr'>nominetur</span> 
     </span>
    </p>

    <p class='ocr_par' dir='ltr' id='par_1_14' title="bbox 141 3551 1236 3693">
     <span class='ocr_line' id='line_1_43' title="bbox 171 3551 1236 3618; baseline -0.004 -14"><span class='ocrx_word' id='word_1_384' title='bbox 171 3559 222 3604; x_wconf 86' lang='grc'>678</span> <span class='ocrx_word' id='word_1_385' title='bbox 235 3553 351 3615; x_wconf 80' lang='lat' dir='ltr'>Mercem]</span> <span class='ocrx_word' id='word_1_386' title='bbox 363 3552 670 3618; x_wconf 77' lang='lat' dir='ltr'>Mercedem,promium.</span> <span class='ocrx_word' id='word_1_387' title='bbox 706 3555 787 3617; x_wconf 83' lang='lat' dir='ltr'>Deus,</span> <span class='ocrx_word' id='word_1_388' title='bbox 795 3560 823 3602; x_wconf 88' lang='lat' dir='ltr'>nt</span> <span class='ocrx_word' id='word_1_389' title='bbox 834 3552 920 3615; x_wconf 87' lang='lat' dir='ltr'>Fides,</span> <span class='ocrx_word' id='word_1_390' title='bbox 930 3555 1015 3616; x_wconf 84' lang='lat' dir='ltr'>Mons,</span> <span class='ocrx_word' id='word_1_391' title='bbox 1027 3552 1181 3614; x_wconf 84' lang='lat' dir='ltr'>Concordia,</span> <span class='ocrx_word' id='word_1_392' title='bbox 1192 3551 1236 3601; x_wconf 85' lang='lat' dir='ltr'>Li·</span> 
     </span>
     <span class='ocr_line' id='line_1_44' title="bbox 141 3627 1236 3693; baseline -0.003 -14"><span class='ocrx_word' id='word_1_393' title='bbox 141 3630 233 3680; x_wconf 72' lang='lat' dir='ltr'>Bono.</span> <span class='ocrx_word' id='word_1_394' title='bbox 708 3629 806 3692; x_wconf 85' lang='lat' dir='ltr'>bertas,</span> <span class='ocrx_word' id='word_1_395' title='bbox 824 3628 962 3678; x_wconf 82' lang='lat' dir='ltr'>Victoria:</span> <span class='ocrx_word' id='word_1_396' title='bbox 988 3644 1095 3693; x_wconf 84' lang='lat' dir='ltr'>quarum</span> <span class='ocrx_word' id='word_1_397' title='bbox 1115 3629 1176 3693; x_wconf 83' lang='lat' dir='ltr'>quia</span> <span class='ocrx_word' id='word_1_398' title='bbox 1197 3627 1236 3677; x_wconf 84' lang='lat' dir='ltr'>vis</span> 
     </span>
    </p>

    <p class='ocr_par' dir='ltr' id='par_1_15' title="bbox 138 3704 1240 3920">
     <span class='ocr_line' id='line_1_45' title="bbox 173 3704 1237 3768; baseline -0.001 -14"><span class='ocrx_word' id='word_1_399' title='bbox 173 3709 224 3755; x_wconf 90' lang='grc'>679</span> <span class='ocrx_word' id='word_1_400' title='bbox 243 3706 321 3754; x_wconf 81' lang='lat' dir='ltr'>Carra</span> <span class='ocrx_word' id='word_1_401' title='bbox 338 3710 417 3754; x_wconf 76' lang='lat' dir='ltr'>motus</span> <span class='ocrx_word' id='word_1_402' title='bbox 439 3704 528 3767; x_wconf 79' lang='lat' dir='ltr'>eodem]</span> <span class='ocrx_word' id='word_1_403' title='bbox 547 3705 586 3754; x_wconf 89' lang='lat' dir='ltr'>Ut</span> <span class='ocrx_word' id='word_1_404' title='bbox 608 3709 671 3754; x_wconf 87' lang='lat' dir='ltr'>anto</span> <span class='ocrx_word' id='word_1_405' title='bbox 709 3709 842 3766; x_wconf 77' lang='lat' dir='ltr'>esitanta,</span> <span class='ocrx_word' id='word_1_406' title='bbox 859 3704 1025 3753; x_wconf 86' lang='lat' dir='ltr'>utsioeDeo</span> <span class='ocrx_word' id='word_1_407' title='bbox 1045 3705 1099 3768; x_wconf 79' lang='lat' dir='ltr'>regi</span> <span class='ocrx_word' id='word_1_408' title='bbox 1117 3718 1237 3768; x_wconf 84' lang='lat' dir='ltr'>nonpos-</span> 
     </span>
     <span class='ocr_line' id='line_1_46' title="bbox 142 3777 1239 3843; baseline -0.005 -12"><span class='ocrx_word' id='word_1_409' title='bbox 142 3779 396 3843; x_wconf 78' lang='lat' dir='ltr'>Theodoriuspeter.</span> <span class='ocrx_word' id='word_1_410' title='bbox 429 3781 520 3831; x_wconf 86' lang='lat' dir='ltr'>Honos</span> <span class='ocrx_word' id='word_1_411' title='bbox 539 3780 607 3831; x_wconf 86' lang='lat' dir='ltr'>enim</span> <span class='ocrx_word' id='word_1_412' title='bbox 623 3781 677 3829; x_wconf 81' lang='lat' dir='ltr'>isto</span> <span class='ocrx_word' id='word_1_413' title='bbox 710 3779 778 3837; x_wconf 84' lang='lat' dir='ltr'>sint;</span> <span class='ocrx_word' id='word_1_414' title='bbox 794 3779 849 3841; x_wconf 86' lang='lat' dir='ltr'>ipsa</span> <span class='ocrx_word' id='word_1_415' title='bbox 867 3792 908 3827; x_wconf 85' lang='lat' dir='ltr'>res</span> <span class='ocrx_word' id='word_1_416' title='bbox 927 3780 1042 3829; x_wconf 86' lang='lat' dir='ltr'>Deorum</span> <span class='ocrx_word' id='word_1_417' title='bbox 1060 3793 1154 3829; x_wconf 87' lang='lat' dir='ltr'>nomen</span> <span class='ocrx_word' id='word_1_418' title='bbox 1172 3777 1239 3827; x_wconf 83' lang='lat' dir='ltr'>obti-</span> 
     </span>
     <span class='ocr_line' id='line_1_47' title="bbox 138 3851 1240 3920; baseline -0.003 -15"><span class='ocrx_word' id='word_1_419' title='bbox 138 3869 266 3917; x_wconf 63' lang='lat' dir='ltr'>summus,</span> <span class='ocrx_word' id='word_1_420' title='bbox 276 3862 304 3905; x_wconf 83' lang='lat' dir='ltr'>et</span> <span class='ocrx_word' id='word_1_421' title='bbox 314 3854 470 3920; x_wconf 80' lang='lat' dir='ltr'>dignationis</span> <span class='ocrx_word' id='word_1_422' title='bbox 482 3857 583 3920; x_wconf 76' lang='lat' dir='ltr'>patrico.</span> <span class='ocrx_word' id='word_1_423' title='bbox 600 3856 674 3904; x_wconf 83' lang='lat' dir='ltr'>Idem.</span> <span class='ocrx_word' id='word_1_424' title='bbox 711 3851 785 3902; x_wconf 67' lang='lat' dir='ltr'>nuit?</span> <span class='ocrx_word' id='word_1_425' title='bbox 800 3851 889 3917; x_wconf 83' lang='lat' dir='ltr'>Atque</span> <span class='ocrx_word' id='word_1_426' title='bbox 899 3855 956 3903; x_wconf 81' lang='lat' dir='ltr'>haec</span> <span class='ocrx_word' id='word_1_427' title='bbox 968 3861 1028 3904; x_wconf 89' lang='lat' dir='ltr'>sunt</span> <span class='ocrx_word' id='word_1_428' title='bbox 1039 3868 1133 3902; x_wconf 85' lang='lat' dir='ltr'>arcana</span> <span class='ocrx_word' id='word_1_429' title='bbox 1143 3853 1240 3902; x_wconf 75' lang='lat' dir='ltr'>alueolo-</span> 
     </span>
    </p>

    <p class='ocr_par' dir='ltr' id='par_1_16' title="bbox 147 3926 1241 4144">
     <span class='ocr_line' id='line_1_48' title="bbox 176 3926 1199 3995; baseline -0.005 -14"><span class='ocrx_word' id='word_1_430' title='bbox 176 3935 227 3982; x_wconf 81' lang='grc'>683</span> <span class='ocrx_word' id='word_1_431' title='bbox 254 3929 375 3990; x_wconf 64' lang='lat' dir='ltr'>Interim</span> <span class='ocrx_word' id='word_1_432' title='bbox 394 3931 506 3995; x_wconf 72' lang='lat' dir='ltr'>moriem]</span> <span class='ocrx_word' id='word_1_433' title='bbox 542 3931 674 3980; x_wconf 83' lang='lat' dir='ltr'>Annorum</span> <span class='ocrx_word' id='word_1_434' title='bbox 713 3928 772 3991; x_wconf 71' lang='lat' dir='ltr'>gie,</span> <span class='ocrx_word' id='word_1_435' title='bbox 783 3927 805 3975; x_wconf 84' lang='lat' dir='ltr'>si</span> <span class='ocrx_word' id='word_1_436' title='bbox 814 3926 852 3975; x_wconf 83' lang='lat' dir='ltr'>fas</span> <span class='ocrx_word' id='word_1_437' title='bbox 863 3927 960 3989; x_wconf 88' lang='lat' dir='ltr'>dicere,</span> <span class='ocrx_word' id='word_1_438' title='bbox 971 3944 1088 3992; x_wconf 75' lang='lat' dir='ltr'>paganae.</span> <span class='ocrx_word' id='word_1_439' title='bbox 1106 3929 1199 3977; x_wconf 75' lang='lat' dir='ltr'>Closer.</span> 
     </span>
     <span class='ocr_line' id='line_1_49' title="bbox 147 4002 1241 4072; baseline -0.001 -15"><span class='ocrx_word' id='word_1_440' title='bbox 147 4015 235 4059; x_wconf 87' lang='lat' dir='ltr'>tamen</span> <span class='ocrx_word' id='word_1_441' title='bbox 258 4006 390 4072; x_wconf 85' lang='lat' dir='ltr'>undecim,</span> <span class='ocrx_word' id='word_1_442' title='bbox 415 4013 444 4058; x_wconf 88' lang='lat' dir='ltr'>ut</span> <span class='ocrx_word' id='word_1_443' title='bbox 468 4005 569 4059; x_wconf 81' lang='lat' dir='ltr'>idatius</span> <span class='ocrx_word' id='word_1_444' title='bbox 593 4013 677 4058; x_wconf 84' lang='lat' dir='ltr'>notat.</span> <span class='ocrx_word' id='word_1_445' title='bbox 746 4007 794 4053; x_wconf 89' lang='grc'>698</span> <span class='ocrx_word' id='word_1_446' title='bbox 810 4002 1086 4069; x_wconf 74' lang='lat' dir='ltr'>Romnsoetutelotogoe]</span> <span class='ocrx_word' id='word_1_447' title='bbox 1101 4002 1241 4070; x_wconf 62' lang='lat' dir='ltr'>designata</span> 
     </span>
     <span class='ocr_line' id='line_1_50' title="bbox 150 4078 1047 4144; baseline -0.002 -9"><span class='ocrx_word' id='word_1_448' title='bbox 150 4083 225 4135; x_wconf 67' lang='lat' dir='ltr'>Iden.</span> <span class='ocrx_word' id='word_1_449' title='bbox 589 4120 592 4125; x_wconf 76' lang='lat'><em>-</em></span> <span class='ocrx_word' id='word_1_450' title='bbox 663 4120 666 4125; x_wconf 76' lang='lat'><em>-</em></span> <span class='ocrx_word' id='word_1_451' title='bbox 714 4081 786 4134; x_wconf 83' lang='lat' dir='ltr'>velut</span> <span class='ocrx_word' id='word_1_452' title='bbox 798 4078 915 4130; x_wconf 82' lang='lat' dir='ltr'>Romano</span> <span class='ocrx_word' id='word_1_453' title='bbox 925 4078 1047 4144; x_wconf 80' lang='lat' dir='ltr'>Imperio.</span> 
     </span>
    </p>
   </div>
   <div class='ocr_carea' id='block_1_12' title="bbox 0 0 1378 4696">
    <p class='ocr_par' dir='ltr' id='par_1_17' title="bbox 0 0 1378 4696">
     <span class='ocr_line' id='line_1_51' title="bbox 0 0 1378 4696; baseline 0 0"><span class='ocrx_word' id='word_1_454' title='bbox 0 0 1378 4696; x_wconf 95' lang='lat' dir='ltr'> </span> 
     </span>
    </p>
   </div>
  </div>
 </body>
</html>
