2662 4696
340 340 390 390 66
413 340 538 391 aaran
563 342 808 393 poossumus
833 343 987 395 61666.
1126 330 1213 400 1667

115 487 217 532 voert:
234 486 324 532 noster
340 481 420 543 alibi3
440 482 515 533 ‘Ant
533 483 645 533 monitos
683 484 727 546 rit,
737 484 806 547 quod
823 499 874 535 uon
890 491 930 536 ert
940 502 956 536 a
967 485 1018 537 lide
1029 487 1085 538 veri
1102 489 1214 543 61166661

113 564 185 609 terte
214 557 357 621 dignantur
384 559 496 621 imagine
526 558 645 609 66616663
684 559 769 608 nimis.
788 560 879 610 Closer.
1207 592 1210 599 ι

113 634 193 685 Plura
203 634 239 683 de
251 648 283 683 eo
296 634 374 683 verbo
391 634 424 684 ad
441 635 570 685 Nasonem
587 635 646 685 lile·
718 635 873 685 aescendere
881 636 953 699 Idea]
977 638 1031 689 Pro
1049 639 1217 692 abscondide-

113 721 173 765 tarn.
181 715 230 764 lib.
241 728 305 764 1111.
322 717 356 765 D.
368 715 457 765 116166.
616 754 619 758 Α
685 709 736 771 rit;
755 712 883 775 quomodo
902 720 1004 764 veteres
1020 717 1121 767 locutos
1139 719 1216 770 testis

110 818 113 825 ‚
144 792 364 842 1676666666
379 793 572 857 marmagne]
588 794 645 843 Me·
684 788 796 839 Nouius.
816 791 901 855 Vulgo
910 793 1057 842 6666666666
1065 795 1146 845 1666.ο
1163 811 1217 848 me.

111 867 212 918 liureio,
231 869 332 932 aripti,
346 884 422 934 quom
441 870 646 934 quodinvulga.
683 864 761 915 liores
781 866 891 929 scriptos
908 875 1015 918 secutus
1030 885 1094 919 sum.
1122 871 1218 935 Virgil.
1255 901 1270 917 .

110 943 143 993 tis
163 945 275 994 6666664.
307 944 484 993 8111661166.
500 944 646 994 ‘Pulmone
684 953 729 989 ιιι.
745 939 848 990 AEneid.
864 943 1006 993 ‘Protinus
1020 944 1107 1014 adrias
1126 947 1217 1000 Plraem

110 1019 231 1070 exundat
242 1032 289 1082 per
299 1019 398 1069 hiantia
409 1019 516 1068 vulnera
525 1017 646 1081 sanguis?
685 1029 745 1065 eum
767 1010 946 1068 abscondimue
974 1036 1043 1084 oras,
1064 1022 1218 1088 littoraque

112 1095 171 1147 Lib.
182 1108 227 1146 rx.
237 1097 245 1124 ‘
255 1093 648 1158 Sangnirrisexundattorrensr’
685 1091 760 1153 Epiri
771 1093 894 1155 legimus?
910 1097 945 1145 D.
958 1095 1045 1148 Heius.

112 1171 150 1221 sie
169 1177 200 1221 et
217 1170 336 1220 ‘undare
354 1170 487 1233 sanguine'
507 1177 535 1219 et
553 1173 560 1198 ‘
579 1170 648 1220 unda
684 1207 687 1211 -
720 1174 765 1220 141
783 1170 990 1238 6666661616]
1012 1176 1137 1227 Horatius
1148 1177 1219 1242 Epo·

112 1245 254 1312 sanguinis’
265 1246 359 1309 passim
369 1247 439 1309 apud
450 1246 555 1298 Poetae.
571 1246 647 1298 Iden.
679 1245 720 1296 ‘do
731 1261 751 1295 1.
770 1247 861 1298 Bortb.

113 1358 119 1366 ·
146 1327 197 1375 1²⁹
213 1322 345 1386 Mirmtio]
368 1325 430 1374 Vet.
448 1325 528 1374 leetio
544 1340 596 1374 666
608 1340 647 1374 re·
719 1327 767 1372 144
785 1325 823 1372 Ne
836 1325 950 1385 groeitem
967 1329 1061 1393 neuter]
1080 1329 1224 1381 Pulmsunl

111 1399 208 1471 probs,
216 1401 333 1464 quamvis
345 1401 425 1450 etiam
436 1401 540 1464 legatur
551 1417 646 1451 meres·
687 1399 780 1455 codex,
790 1407 818 1449 et
827 1415 860 1450 ex
871 1404 965 1452 nostris
974 1405 1069 1468 Regius
1080 1420 1137 1454 eum
1150 1406 1220 1454 Oxo·

111 1476 168 1537 liu,⁸
185 1475 233 1525 sed
244 1475 327 1527 minus
338 1482 446 1539 argute:
464 1477 648 1541 moestumqni·
686 1475 770 1526 aiensi
784 1475 900 1538 fragilem
906 1493 917 1536 ‚·
941 1480 1089 1541 eleganter:
1114 1480 1149 1530 de
1167 1497 1220 1546 qna

92 1552 283 1617 deturpentur
300 1552 352 1601 dici
369 1559 458 1617 queat.
493 1554 528 1602 At
548 1555 647 1603 animus
687 1564 753 1599 rone
775 1552 945 1601 amicissimus
967 1560 1057 1604 noster
1075 1555 1220 1609 Gronovius

114 1628 279 1692 miraturqui
291 1626 338 1678 fiat
355 1635 385 1678 ut
401 1643 502 1690 manus,
518 1642 545 1676 se
562 1629 649 1678 incon·
688 1626 721 1676 ad
741 1626 862 1678 Statium.
903 1629 968 1678 Mox
990 1632 1117 1680 decusserit
1139 1632 1220 1682 etiam

115 1706 185 1756 salto
196 1705 239 1754 vel
253 1703 368 1766 inopino,
385 1711 479 1766 pectus
490 1703 649 1753 concutiant.
688 1704 785 1752 rectius
796 1710 923 1768 excerpta
934 1706 1077 1772 Puteauea,
1087 1723 1163 1773 quam
1172 1709 1222 1758 die·

116 1783 215 1832 Cinam
687 1781 800 1830 nummii:
816 1780 854 1830 rie
865 1796 960 1845 supra:
978 1784 1135 1834 ‘violentior
1154 1784 1221 1835 Aus-

116 1890 120 1897 ·
148 1862 199 1909 lto
218 1856 344 1922 6166666]
360 1857 561 1906 lustramentum
574 1855 649 1920 quale
689 1857 849 1907 terDeeutit
860 1857 993 1909 arboribus
1004 1859 1221 1925 6666636661-

116 1933 199 1985 fuerit
215 1940 292 1984 notat
308 1935 427 1984 Lutatius
446 1933 479 1982 ad
497 1931 583 1982 Theb.
599 1946 649 1984 vrr.
688 1933 719 1981 lie
751 1936 852 1983 calcitro
879 1935 1008 1985 Martialis
1034 1936 1222 2002 Apophoretis,

112 2011 205 2073 ana,
221 2008 305 2059 ‘tibia
320 2010 361 2058 vel
378 2009 529 2069 scabellum,
545 2007 613 2071 quod
624 2009 650 2057 in
689 2008 768 2074 Epig.
780 2015 835 2060 166.
851 2011 1004 2062 ‘Fraudata
1013 2018 1112 2063 tumeat
1122 2014 1221 2077 fragllir

116 2085 199 2136 saeris
214 2084 334 2134 tibicines
350 2085 418 2148 pede
436 2099 528 2134 souare
542 2099 651 2134 consue·
690 2087 738 2136 tibi
758 2088 866 2137 culcitra
888 2089 974 2138 mula.'
1010 2089 1054 2140 Ita
1072 2092 1222 2142 veterrimo

116 2161 231 2212 rerunt?
261 2162 350 2211 Buxos
371 2169 458 2212 tamen
480 2161 550 2210 aliud
576 2169 650 2226 puto.
689 2163 862 2214 membranae:
879 2164 958 2228 vulgo
966 2165 1051 2224 sarili·
1060 2166 1108 2215 ribi
1122 2166 1223 2215 66161166

117 2240 209 2290 Berti.
688 2243 842 2304 mammatae
857 2255 949 2302 senum
967 2243 1103 2292 culcitram
1121 2243 1224 2291 strami-

119 2347 124 2354 -
149 2319 199 2364 188
218 2313 275 2364 Hes
295 2314 384 2378 louge]
410 2314 507 2377 Scripti
531 2314 650 2378 plerique
691 2331 765 2365 neam
774 2317 867 2366 innuit.
884 2318 952 2366 Nam
962 2318 988 2366 in
1001 2319 1104 2382 plumea
1113 2317 1225 2372 culcitra

117 2394 168 2443 Ne.
185 2393 265 2442 Forte
278 2393 331 2442 Nu.
350 2394 385 2441 D.
397 2392 489 2442 Heius.
690 2390 805 2441 dormire
816 2391 925 2441 divitum
937 2398 996 2442 erat
1006 2398 1034 2441 et
1045 2392 1224 2441 delicatorum.

150 2469 241 2518 Praeel
251 2469 325 2518 irrito
334 2468 410 2531 omli]
427 2468 486 2518 Hoc
497 2475 548 2529 est,
560 2467 651 2517 oblite·
692 2467 786 2516 Cicero
796 2469 899 2519 666661.
908 2470 1008 2520 Queat.
1017 2467 1034 2516 l.
1045 2480 1089 2516 111.
1105 2468 1112 2494 ‘
1123 2465 1224 2530 Eripis»

118 2555 220 2608 rentur,
234 2550 306 2594 etex
321 2545 445 2594 memoria
463 2544 532 2593 omni
547 2545 651 2608 penitus
692 2559 748 2592 mus
772 2543 832 2592 huie
862 2544 1052 2608 aegritudinem.
1080 2543 1225 2609 quomodo?

116 2621 280 2672 auferantur.
297 2620 387 2670 Bortb.
690 2620 853 2669 collocemus
865 2620 892 2668 in
906 2621 1017 2669 culcitra
1036 2620 1146 2684 plumea,
1155 2619 1225 2682 psal·

152 2703 203 2750 lar
219 2696 314 2747 Subicit
328 2696 426 2761 Cybele]
443 2696 552 2758 Septem
559 2694 653 2744 tabiit:
690 2696 767 2744 triam
788 2695 958 2757 adducamus,
976 2696 1083 2745 cedrum
1102 2693 1224 2745 incenda-

117 2775 158 2826 sie
169 2773 251 2834 alibl;
267 2772 415 2821 ‘dierorum
431 2772 505 2834 plura
517 2778 653 2835 parentem
690 2785 755 2832 mus,
767 2771 856 2819 demus
873 2771 1008 2820 scutellam
1023 2770 1162 2821 dulciculae
1181 2786 1226 2833 po·

118 2851 193 2900 Vere
204 2846 293 2899 suble*
310 2848 345 2897 D.
358 2847 445 2896 Heius.
690 2845 777 2907 tionis,
794 2844 891 2908 abqrrid
911 2845 1093 2909 provideamus
1108 2855 1136 2896 et
1155 2844 1224 2896 cibi!

153 2931 202 2976 136
219 2924 332 2984 lernen,
346 2924 454 2987 dmllo]
480 2924 654 2973 Formularo·
691 2923 725 2972 D.
738 2923 820 2970 Heius.

119 3001 238 3052 rentium
250 2999 313 3050 felix
324 3000 383 3051 iter.
401 3000 491 3048 Bnrtb.
724 3001 772 3047 146
791 2997 919 3062 Excubiis]
945 2995 1120 3061 virginalibus
1148 3010 1226 3048 6666·

152 3081 201 3128 117
219 3077 269 3127 Sed
282 3076 438 3126 6611616666
449 3074 586 3138 Mobilitas]
611 3073 655 3122 Ita
693 3074 748 3125 biis.
765 3073 855 3124 Bnrtlr.
1053 3092 1055 3097 ·

120 3163 149 3204 et
167 3160 287 3204 veteres:
315 3153 405 3217 opinor
425 3159 512 3201 tamen
531 3157 569 3201 sor
590 3151 656 3199 66116
725 3155 773 3201 148
801 3150 882 3215 Aula]
911 3149 1003 3201 Omnis
1031 3151 1115 3214 Regia
1136 3149 1226 3202 donus

119 3229 346 3280 metiliobititos.
380 3230 460 3278 Nulla
476 3228 538 3276 satis
549 3232 591 3275 est
601 3240 656 3274 o·
692 3229 754 3278 nstin.
770 3227 853 3279 Idem.

119 3306 217 3366 bilitas,
234 3311 367 3367 utcunque
386 3304 495 3352 multum
513 3301 655 3352 festinanti.
726 3307 774 3355 149
791 3305 847 3354 Nou
857 3303 990 3367 expectato]
1016 3302 1106 3351 Malim
1118 3307 1228 3366 expertu-

120 3380 254 3446 Superiori
266 3394 341 3429 versu
356 3394 405 3442 pro
417 3379 516 3428 turbato
530 3378 655 3429 membra·
692 3384 741 3429 toe:
766 3378 895 3444 quomodo
916 3379 999 3429 editio
1016 3379 1140 3441 01666611,
1157 3378 1226 3427 haud

120 3458 303 3509 nouonrmllae
317 3460 423 3507 indute.
440 3457 474 3506 D.
485 3456 579 3505 Heius.
693 3454 772 3504 dubie
794 3469 828 3504 ax
850 3454 961 3504 vetustis
989 3453 1153 3503 membranis.
1188 3455 1229 3503 D.

153 3540 204 3586 146
235 3535 404 3598 absconderit]
453 3535 657 3583 Decrescentem
694 3532 781 3581 Helua

121 3626 169 3676 per
198 3611 415 3675 longinquitatem
437 3611 514 3674 spatii
538 3625 657 3660 eresceu·
725 3609 836 3659 Amirtes
857 3606 991 3670 conscidit]
1018 3605 1050 3654 In
1072 3607 1228 3656 vestimento

122 3695 185 3738 tem.
203 3688 294 3736 Bortb.
695 3683 825 3732 conscisso
837 3680 992 3746 significatio
1002 3689 1042 3730 est
1051 3683 1145 3732 luctus.
1163 3683 1229 3740 Bor·

152 3761 323 3825 Abaraaderil]
346 3763 388 3812 Sic
402 3763 428 3811 16
440 3763 501 3812 Vet.
514 3764 579 3813 libro
591 3768 620 3812 et
629 3762 658 3812 li-
695 3759 767 3808 tlriea.
976 3765 978 3769 ’

122 3845 217 3902 garate
235 3837 348 3887 dicitur:
367 3839 404 3888 sio
422 3840 491 3902 apud
501 3840 656 3903 Virgilium:
728 3839 776 3884 151
794 3834 924 3884 Hoeaerunt
934 3835 1066 3896 16616666]
1093 3833 1169 3885 Quod
1189 3849 1229 3884 so·

121 3915 279 3977 ‘terraeque
296 3913 425 3977 urbesque
443 3913 584 3963 recedunt.'
616 3914 660 3962 Slo
696 3913 752 3960 lent
760 3909 785 3960 iu
795 3910 893 3958 enormi
905 3911 985 3959 luctu.

122 3990 196 4056 quasi
207 3990 319 4051 diceret,
329 4006 357 4038 se
367 3989 537 4054 abscondunt,
547 3992 589 4041 rel
600 4005 659 4040 oeu-
729 3987 781 4037 Neo
792 3986 849 4050 oux]
877 3985 1005 4034 Indicium
1023 3998 1128 4034 summae
1139 3981 1231 4037 consue

120 4067 160 4117 ias
171 4063 320 4130 effugiunt:
339 4066 383 4130 qui
400 4066 470 4117 enim
486 4066 561 4115 Idam
571 4080 660 4115 aseen-
697 4063 775 4114 sionis
784 4062 854 4127 apud
866 4061 988 4111 animum.
1006 4062 1096 4112 Burllr.

122 4141 534 4205 datileres‚eumjamex1dse
552 4141 660 4207 fastigio
730 4138 1015 4204 Noouax,ortrpirites
1031 4138 1091 4203 oris]
1118 4135 1231 4202 Nouapi·

122 4219 259 4270 eruerit?
277 4218 474 4271 1661166οά166
489 4226 540 4286 eat,
553 4221 661 4273 666666·
697 4217 763 4270 riter
770 4218 886 4271 Floreat.
901 4218 929 4271 S.
946 4217 1033 4272 biarci
1047 4223 1075 4268 et
1090 4213 1230 4269 Parmani
