2662 4696
327 320 496 370 reuersis
522 321 570 372 ns
593 321 780 371 enmurcs.
1017 288 1104 387 1745

83 460 124 513 obs
142 461 216 512 ἀνθῶν
240 460 416 526 πολυτρόπων.
457 463 535 511 Flora
573 461 660 527 Appia
671 479 698 513 se
710 462 781 512 dolet
795 460 924 526 relinqui?
957 463 1104 514 Namnunc

92 539 183 588 vestiti
201 538 280 587 Sileni
299 539 325 586 in
345 539 447 587 theatra
464 537 535 585 indu·
573 540 656 588 minus
669 539 791 589 concinne
804 538 1003 589 circumfertur:
1023 541 1104 603 Quen-

86 619 130 664 tnr
143 615 257 662 dramate
269 615 395 678 satyrico.
420 614 535 662 ‘Vestiti
573 614 945 677 tusnubiluqnicoronuturces.
979 615 1033 664 Illic
1045 615 1104 678 flec-

83 707 110 740 us
122 691 184 754 agri’
197 692 265 754 apud
279 692 368 754 poetas
385 690 536 755 frequenter
572 691 635 738 liter
645 691 736 739 excitus
746 692 838 739 viator:
854 705 943 753 perum
960 690 1103 753 concinne;

83 774 154 826 runt,
173 774 201 816 et
220 770 227 792 ⁸
240 767 329 815 vestiti
342 766 483 828 messibuu‚'
503 766 536 814 si·
574 780 649 814 arcus
660 766 727 814 enim
739 765 821 815 imbre
833 781 883 814 uon
893 774 1001 816 coronat
1009 767 1107 830 nubila,

83 857 134 904 qne.
171 842 239 890 Hinc
258 842 427 906 corrigendus
445 846 536 890 auctor
573 841 619 889 sed
631 840 682 889 Iris
695 855 765 892 arcu.
798 842 856 890 Aris
867 857 914 906 pro
925 844 969 890 iris
980 843 1006 890 in
1018 843 1103 892 Statio

84 917 138 979 gilii
154 917 263 965 Veneris
282 918 339 966 loco
357 916 460 979 penitus
475 930 535 965 con·
575 924 709 983 oneratum
739 919 821 982 primo
841 918 936 979 fuerat,
957 925 986 968 ut
1008 919 1034 967 in
1056 921 1106 968 hoc

83 1000 126 1042 ito.
161 995 244 1044 Quem
264 1001 324 1057 post
352 992 481 1042 Pitboeum
503 1005 535 1040 ex
575 995 704 1045 Lactantii
721 997 778 1043 loco
788 993 872 1044 codex
884 995 1034 1058 VossIanus,
1045 995 1106 1043 inde

83 1068 161 1116 tranis
181 1068 256 1132 longe
279 1069 423 1118 veterrimis
439 1069 535 1116 Petrus
574 1086 643 1120 orcus
653 1077 803 1134 prognatus.

84 1143 151 1192 erius
183 1144 219 1191 sic
253 1143 382 1192 edendum
416 1144 535 1192 curavit:
608 1150 657 1195 136
675 1144 871 1208 Etpnrorornu]
899 1142 932 1194 Et
944 1146 1107 1209 patulocornsr

85 1219 110 1268 ls
122 1224 190 1267 totos
207 1218 286 1267 funde
305 1217 390 1281 flores,
409 1224 537 1283 quotquot
573 1236 680 1283 geminen
689 1222 765 1283 cespis
778 1222 838 1284 hiat,
850 1220 940 1284 opinor
952 1222 983 1269 ab
995 1221 1108 1271 auctoris

103 1296 199 1344 attulit.
232 1296 320 1358 Hybla
336 1294 427 1345 florum
439 1296 537 1358 'supa
575 1313 654 1347 msnu
665 1296 753 1347 fuisse.

84 1385 111 1432 n,
131 1378 240 1436 quantus
262 1373 337 1420 Etnae
356 1386 462 1435 campus
481 1375 539 1418 est?
608 1378 656 1438 137
668 1375 780 1434 Ingentes
789 1374 950 1422 ocnoscredos
958 1373 1108 1436 geminosque

84 1445 92 1493 i
121 1459 197 1494 versu
219 1447 362 1510 maluerim,
385 1451 449 1495 totns
460 1444 538 1501 funde
576 1448 723 1514 hyacinthos]
741 1449 826 1498 Recte
837 1449 940 1498 omnino
949 1449 1108 1498 Vossianus:

101 1530 230 1586 quotquot
242 1529 311 1572 totus
328 1537 410 1571 annus
431 1522 534 1582 attulit;
577 1527 689 1588 Ingentes
698 1525 776 1573 oculi.-
797 1526 879 1573 aaran
892 1526 997 1586 geminos
1012 1525 1109 1589 hymn.

88 1597 114 1646 in
127 1599 231 1661 optimis
241 1598 397 1647 membranis
408 1602 480 1659 totus,
492 1595 538 1645 sed
575 1601 637 1650 titos.

83 1689 99 1724 o
126 1676 161 1734 τῷ
179 1674 261 1736 stores.
295 1674 439 1723 Posteriori
461 1686 538 1721 versu
609 1681 658 1726 139
672 1679 794 1741 AEqnutur
810 1681 861 1727 toto
877 1678 950 1742 cupiti
965 1679 1108 1727 rudiatueo·

84 1749 140 1799 lllae
153 1759 209 1798 erat
228 1751 388 1811 mutationis,
399 1750 481 1813 Hylle
490 1748 539 1810 sto·
575 1751 646 1815 rone]
669 1754 819 1816 AEquutaqne
838 1754 908 1802 notbo
927 1755 1067 1803 Vossianus
1081 1760 1110 1803 et

84 1839 149 1874 ssime
171 1831 274 1884 vestem
298 1827 339 1875 vel
362 1827 440 1875 etiarn
461 1840 539 1888 prome
577 1834 687 1892 quatuor
698 1828 758 1876 alii:
777 1828 894 1879 Oxonlus
905 1831 1055 1892 AEqeutoqne
1071 1845 1111 1877 ne-

84 1916 102 1950 t:
112 1914 171 1950 nam
180 1902 204 1949 in
213 1901 348 1951 Pithoesno
356 1902 447 1951 codice
448 1900 539 1965 florem
577 1909 616 1953 to:
633 1917 698 1953 unus
708 1905 861 1967 Vaticanus,
869 1907 1019 1968 AEqnuthue
1027 1905 1111 1975 notho:

85 1982 158 2026 reste.
204 1977 274 2025 Male
304 1978 446 2027 Scriverius
468 1977 539 2026 ntur
577 1980 1110 2044 nlius‚'AEqneturqueroteo,·etismcepitis.

85 2048 111 2115 ri,
119 2055 170 2115 vel,
180 2053 257 2112 funde
267 2069 369 2104 messem.
402 2054 466 2104 Mox
477 2056 540 2104 netu·
578 2057 690 2106 Videtur
706 2056 811 2105 dedisse
828 2056 995 2105 Lactantius:
1020 2057 1111 2118 AEqno·

85 2129 161 2191 fulget
174 2131 315 2178 Vossianus
332 2138 359 2179 ct
370 2131 414 2180 alii
426 2132 540 2194 complu·
577 2138 660 2195 terque
670 2135 730 2180 rutoe
740 2132 825 2194 cepitis
841 2131 935 2180 rusina
946 2146 1046 2188 corona‚·
1068 2131 1110 2180 vel

85 2205 211 2268 Oxonius,
218 2208 325 2255 humerus
333 2209 446 2256 velamine
451 2206 540 2268 fulget.
578 2212 714 2272 AEqnetera
725 2214 812 2257 rotam.

85 2282 182 2330 .·Fstlno
198 2283 312 2330 distinctu
332 2282 452 2343 metullo}
469 2282 541 2329 Bene
612 2288 658 2332 141
674 2285 750 2332 Floro
770 2283 884 2331 distinctu
903 2280 1008 2343 mnnita]
1037 2281 1111 2330 Fulvo

85 2358 282 2417 tuVossianus3
300 2373 333 2405 nc
344 2356 384 2405 bis
396 2356 488 2405 eadem
505 2358 541 2406 lo·
579 2360 720 2408 Vossianus
743 2365 770 2407 et
794 2366 848 2407 tres
867 2358 918 2421 alii,
936 2357 1063 2421 quomodo
1084 2363 1112 2405 et

85 2447 113 2482 ue
131 2449 204 2482 usum
225 2449 282 2482 esse
303 2434 470 2482 Lactantium
489 2433 541 2482 cul·
580 2449 664 2498 suipra.
697 2435 761 2484 Mox
773 2434 877 2483 codices
888 2432 975 2496 prisci,
986 2446 1049 2481 roseo
1056 2433 1112 2495 pln-

87 2525 108 2560 s.
152 2511 346 2573 Snbjungnntur
379 2512 447 2560 enim
483 2526 542 2561 mox
578 2511 618 2573 git
629 2511 713 2559 bonore
723 2510 793 2572 color,
804 2524 855 2558 non
866 2523 954 2557 roseus.

85 2585 379 2648 modmimtunietulb.
614 2590 662 2635 144
680 2587 817 2634 Etrnistom
836 2584 948 2633 Phasidis
958 2583 1022 2633 inter
1033 2582 1112 2646 ocem]

85 2670 90 2709 i
110 2664 282 2712 Ctnrumr'nter
297 2679 385 2726 pennos
404 2665 497 2727 insigne
508 2671 543 2721 est
580 2660 750 2711 Scribendum
757 2659 1113 2724 pictumnnemexVossian03

85 2755 117 2801 er,
129 2740 188 2801 Iris]
206 2740 345 2787 Vossianus
354 2741 475 2816 mutilato
486 2755 543 2789 ver·
581 2752 630 2786 nec
653 2736 772 2786 Oxonius
793 2736 902 2796 abludit,
924 2736 950 2783 in
972 2749 1024 2799 qno
1036 2735 1113 2798 pieta.

85 2815 168 2865 ierem
189 2830 277 2878 pennus
298 2817 390 2877 insigne
409 2817 545 2878 repereris:
582 2813 674 2863 Certst
682 2813 799 2861 nimirum
809 2827 867 2861 cum
877 2825 977 2874 parone
988 2813 1043 2872 ipso
1052 2810 1114 2873 pbn-
1203 2830 1206 2837 ·

86 2891 131 2940 elii
150 2893 230 2940 etiam
250 2891 354 2940 codices
379 2892 476 2941 Harum
496 2906 544 2954 pro
581 2889 667 2937 sianus
679 2900 821 2950 pennarum
841 2885 1038 2933 versicolorium
1049 2884 1115 2931 mira

86 2981 117 3016 n:
149 2966 258 3014 totidem
281 2967 418 3029 insigneque
437 2970 544 3029 desuper.
583 2961 794 3024 pulchritudine3
811 2966 838 3007 et
850 2956 1025 3023 jamrbrnista
1037 2971 1115 3021 prox·

86 3041 171 3102 innuis,
184 3041 236 3090 Hos
254 3041 318 3090 inter
333 3056 423 3103 pennus
442 3043 546 3102 insignes
582 3037 633 3086 ime
645 3042 822 3100 praecesserat.

86 3129 119 3165 er.
152 3116 256 3164 Deinde
268 3130 316 3178 pro
334 3118 384 3164 altu
398 3118 465 3178 solet,
480 3117 546 3164 Vos·
616 3117 663 3162 14⁵
681 3112 826 3172 Mnguitiem
843 3111 915 3160 terris
934 3110 1040 3160 Arabum
1062 3124 1114 3173 quse

86 3197 136 3240 set
153 3191 269 3239 Oxonius
285 3207 344 3239 eoru
360 3193 427 3240 solet.
462 3192 547 3240 Medi·
581 3187 693 3250 gignitur
713 3186 773 3249 elce]
804 3186 949 3249 Magnitiem
969 3187 1019 3252 (ita
1046 3185 1115 3237 anim

86 3281 148 3316 sne:
173 3266 323 3315 Hasniensis
335 3268 418 3316 crelin:
438 3275 490 3317 tres
503 3268 547 3318 alii
584 3264 674 3327 scripti
686 3263 789 3312 codices
801 3262 866 3325 fere,
875 3263 1001 3327 nisiqnod
1013 3262 1040 3311 in
1050 3263 1116 3312 Bar·

98 3343 125 3391 in
144 3358 195 3391 uno
213 3344 352 3403 Vaticano,
370 3350 432 3394 utra.
465 3347 546 3394 Totus
583 3337 1116 3401 tholinianoMugniem)nomenavisAra·

100 3419 137 3468 sic
155 3419 257 3467 videtur
275 3422 488 3471 constituendus:
511 3421 546 3471 At
583 3417 650 3466 bicos
662 3416 1117 3476 essecontenduntinterpretentur

86 3509 107 3544 n
126 3509 215 3557 pennos
231 3496 324 3555 insigne
342 3497 475 3559 interviret,
499 3499 548 3546 Iris
584 3501 671 3542 tamen
692 3493 724 3540 de
743 3505 793 3555 qun
811 3504 858 3538 avc
879 3490 950 3536 locns
970 3488 1118 3538 triclntelll·

86 3584 118 3619 ire
134 3585 175 3617 ceu
194 3570 276 3618 nubem
293 3573 391 3633 desuper
409 3578 463 3621 actu
480 3574 547 3621 solet.
584 3566 684 3631 gandus
695 3567 738 3628 sit,
749 3565 823 3614 nobis
836 3565 919 3627 palam
931 3563 1047 3625 faciunt;
1064 3563 1117 3614 imo

86 3646 208 3694 setiam:
234 3646 333 3694 Atrium
351 3662 440 3708 pennae
455 3649 548 3708 insigne
584 3643 612 3691 id
623 3656 651 3690 se
660 3655 763 3704 prorsus
770 3641 889 3703 ignorare
901 3655 953 3689 uon
965 3639 1117 3705 diffitentur.

90 3722 161 3770 nitet.
195 3721 272 3769 Iridis
291 3737 384 3771 nomen
395 3723 479 3771 Statio
492 3724 548 3770 red·
585 3716 732 3776 Magnetem
743 3730 758 3763 a
768 3716 907 3765 Lactantio
919 3719 979 3780 poni
991 3730 1037 3778 pro
1049 3728 1118 3778 mag-

86 3811 128 3846 um
139 3798 375 3861 opinorSylvarum
390 3812 428 3845 iv.
441 3798 482 3845 via
494 3798 548 3845 Do·
585 3792 706 3841 nitudine
725 3807 779 3840 sum
799 3799 897 3852 certus,
915 3792 1069 3841 vocabulum
1080 3791 1119 3840 in-

87 3886 142 3940 nui·
161 3873 267 3935 ‘Hujus
282 3875 364 3936 janna
384 3888 548 3937 prosperum·
587 3870 671 3918 solens
682 3867 768 3917 fateor
778 3882 828 3917 nec
841 3870 974 3935 usitatum,
990 3865 1118 3929 quomodo

87 3943 154 3996 lmen
166 3946 249 3995 Arosis
268 3948 385 4011 belligeri
404 3949 483 3997 Ducis
495 3955 549 3997 tro·
587 3953 614 3995 et
628 3945 784 4006 magnitatem
802 3959 849 4007 pro
868 3942 1045 4004 magnitudine
1063 3942 1118 3992 No-

89 4022 125 4070 Et
138 4023 199 4071 totis
211 4023 335 4084 Ligurum
343 4024 409 4073 nitet
420 4024 548 4073 metallis:
587 4022 644 4071 nius
663 4021 805 4070 Marcellus
816 4035 850 4068 ex
865 4024 969 4068 vetusto
980 4017 1117 4082 scriptore,

87 4102 134 4146 itus
163 4098 251 4145 nubila
278 4113 327 4161 quo
359 4107 467 4149 coronet
489 4099 548 4148 Iris.
588 4097 648 4147 Fuit
658 4112 716 4147 cum
729 4096 870 4147 arbitrarer
887 4100 1019 4144 exaratum
1036 4091 1118 4155 primo

96 4169 215 4235 beatitur
236 4173 321 4222 exitus
341 4176 449 4226 riarum.
489 4175 549 4226 Illic
586 4171 861 4234 biclocifuissellole
877 4170 968 4230 etiem
990 4168 1119 4219 cnieoce'·

87 4251 271 4318 Detinett'ar.
284 4254 349 4313 Cius.
521 4257 609 4308 ctare.
1003 4248 1053 4308 ⁶8
