2662 4696
190 296 279 367 ‹11188
311 259 320 282 Ι
373 310 481 362 uara
505 311 706 361 vsaroauu
731 310 769 357 ru
795 307 851 358 cu.
876 309 1014 359 curun.
1038 311 1109 360 xx,

193 453 356 521 palmarum!
398 455 483 520 Epist.
518 454 551 503 ad
584 454 723 503 Serensmz
766 451 971 515 Rspbeleugius:
989 451 1082 516 scripti
1101 451 1220 501 meliores
1238 466 1299 506 con·

192 536 200 562 ‘
213 534 336 583 Flactaet
345 539 372 582 et
386 534 477 596 glauca
489 530 592 596 pinguis
604 531 673 579 oliva
684 544 725 578 co·
761 524 872 575 firrusnt
888 527 923 576 D.
935 525 1023 577 Heius.

191 609 253 667 roa.)
270 611 325 660 Lib.
342 625 373 660 ιι.
384 610 417 660 de
429 611 508 674 Rspt.
529 608 724 658 ‘Fluctustbic
792 611 842 656 2⁷9
859 608 1045 671 Partibasldoe]
1072 608 1181 672 Rupibus
1200 608 1297 673 lsingr.

187 685 723 751 ⁴derasocrisputscaeumiueburrus!llutil.
762 684 871 734 Lureus.
883 685 993 749 Gyrald.
1006 686 1081 747 prim.
1093 693 1119 731 et
1134 690 1196 733 tert.
1208 684 1297 736 Varie.

191 765 282 814 ltiner.
299 765 448 829 ‘Pineaque
471 764 595 814 extremis
612 762 722 812 fluctuat
760 774 818 808 cnm
838 759 983 817 0lseliano‚
1002 767 1089 808 recte:
1108 767 1136 808 ut
1150 760 1194 807 lib.
1208 772 1251 809 ιιι.
1262 760 1295 810 de

190 840 380 891 anomaeus!
414 843 522 902 Seneca,
538 839 653 890 Hercule
671 840 721 888 Fu·
759 836 836 896 Rapt.
854 838 861 862 ‘
875 837 964 899 quales
973 850 1022 884 nec
1032 835 1139 897 rupibus
1148 835 1204 883 ldae
1213 836 1295 886 Mira·

189 916 275 966 renti:
293 918 369 967 ‘Nec
382 917 471 965 adulta
488 917 539 965 leui
553 915 663 965 fluctuat
674 915 722 963 Ze·
759 917 801 960 tur
812 910 919 961 Simois!
945 911 1045 959 Tbuau.
1057 910 1177 970 facundis
1187 911 1293 973 rupibus.

189 992 273 1056 pbyro
284 993 378 1058 seges!
394 995 438 1042 Sic
450 999 477 1041 et
496 995 585 1041 undare
596 992 629 1040 de
647 991 721 1039 arbo·
758 986 841 1034 ldem.

189 1066 259 1117 ribus
280 1068 374 1130 poetae.
400 1067 529 1132 quomodo
549 1067 618 1130 apud
636 1068 722 1116 Maro·
789 1065 838 1111 283
858 1063 952 1126 tuma]
974 1063 1104 1112 Turritarn
1123 1079 1173 1127 qus
1190 1065 1294 1127 mytlso·

188 1157 248 1204 nem
257 1159 264 1193 g
274 1146 282 1173 ⁶
294 1145 411 1207 Etjuvat
420 1144 562 1193 undantem
571 1144 640 1193 buxo
647 1157 720 1206 Qec.
758 1137 827 1200 logia
835 1136 936 1201 fingant
944 1147 1052 1186 mairem
1064 1139 1178 1187 Deorum
1190 1139 1293 1203 Ρθὲῐὲ,

188 1226 246 1270 tare
258 1219 401 1283 Cytorum!
419 1219 453 1268 D.
464 1218 550 1268 Heius.
757 1213 838 1262 babes
856 1214 925 1276 apud
939 1216 1087 1264 Lucretium
1100 1223 1128 1263 et
1138 1216 1292 1280 Varronem,

220 1299 269 1346 m
280 1294 632 1358 Discerpsisselixpecorum]
644 1296 720 1358 Equis
757 1288 831 1337 nobis
843 1290 905 1338 alibi
918 1290 1068 1354 productos.
1085 1292 1175 1340 Bastia.

187 1384 252 1421 unus
272 1369 392 1420 Ambros.
417 1371 497 1434 pecori
528 1370 607 1419 etiam
628 1371 719 1433 scripti
788 1368 837 1415 284
856 1366 971 1429 Criaalis]
989 1365 1075 1430 Aptus
1092 1368 1214 1416 crinibus.
1248 1368 1293 1418 In-

186 1445 243 1504 iere
254 1461 351 1497 omnes.
360 1446 448 1496 Oxou.
461 1448 526 1508 Reg.
538 1446 634 1509 primus
647 1446 719 1499 Med,
757 1449 861 1491 cessant
877 1456 924 1490 usu
943 1443 1019 1505 hujus
1031 1442 1105 1504 serbi
1118 1442 1290 1493 Claudianum

182 1524 284 1585 peram
311 1524 382 1586 Lego
393 1524 470 1573 Dices
480 1524 541 1586 equi,
546 1523 611 1583 felix
620 1526 718 1587 pecoris.
757 1518 828 1567 scuti
847 1519 983 1581 Censores,
1005 1520 1077 1567 uelut
1099 1519 1224 1567 trahentis
1245 1517 1290 1567 ali·

185 1599 234 1647 uisi
249 1599 329 1648 mavis
346 1614 429 1661 equam
440 1613 487 1661 pro
499 1615 623 1662 equorum.-
644 1607 672 1648 ιιι
690 1601 718 1649 in
757 1594 818 1656 quid
830 1593 863 1643 de
875 1596 970 1644 seculo.
1006 1595 1042 1643 At
1053 1610 1103 1644 non
1116 1594 1288 1644 meminerunt

184 1672 230 1722 illo
241 1674 385 1739 virgiliano
397 1690 403 1720 ι
421 1674 520 1722 ‘Dives
529 1688 634 1737 equum,
645 1676 718 1725 dives
753 1670 869 1732 Virgilii,
888 1671 1025 1720 scribentis
1045 1672 1152 1720 libris.
1168 1671 1176 1696 ⁴
1190 1671 1287 1720 Solvite

185 1747 266 1812 pictai
277 1750 356 1799 restis
368 1758 394 1798 et
407 1748 480 1797 auri!
496 1749 585 1798 Idem..
755 1748 866 1796 crinales
879 1749 966 1810 vittas,
986 1749 1073 1812 capite
1088 1748 1160 1811 orgia
1171 1747 1288 1799 mecum'

216 1826 328 1874 Pretiosa
336 1825 400 1888 picto
414 1823 545 1885 Marmore]
574 1824 716 1889 Phrygium
755 1824 831 1873 Idem.

181 1915 294 1951 marmor
305 1902 429 1951 celebrat.
446 1902 535 1952 Bortis.
555 1920 559 1926 ·
786 1903 833 1948 285
846 1901 898 1951 Iaso
908 1900 971 1949 Fixa
980 1898 1054 1962 metu]
1068 1901 1120 1948 Usa
1130 1899 1221 1962 scripti
1231 1898 1286 1949 sere

214 1981 263 2026 273
281 1977 413 2040 Purpurm's
428 1974 661 2040 oeditcuiSpssada
679 1993 716 2026 ee·
753 1989 850 2025 omnes.
882 1977 958 2025 Bello
970 1977 1032 2026 Get.
1048 1978 1128 2040 ‘quos
1136 1982 1196 2024 aute
1209 1990 1285 2038 pares

176 2052 231 2116 ραι]
248 2052 362 2117 Quarta
380 2066 429 2115 pro
446 2051 549 2115 Synaos,
569 2058 598 2101 ut
614 2053 715 2102 Persida
753 2048 876 2100 effecerat
889 2066 938 2099 une
958 2052 1034 2101 Nube
1049 2050 1142 2100 timor?
1174 2051 1284 2114 Statius,

182 2143 229 2192 pro
243 2129 332 2188 Persis,
343 2134 371 2176 et
381 2127 475 2175 similis
484 2126 553 2190 apud
565 2127 714 2189 posterioris
751 2127 831 2177 Theb.
850 2128 916 2176 libro
928 2143 947 2177 1.
973 2128 1026 2176 ‘Et
1039 2128 1140 2191 populis
1153 2140 1220 2176 mors
1234 2141 1284 2175 uns

175 2204 230 2254 sevi
247 2203 403 2266 scriptores:
421 2202 467 2251 sed
485 2201 540 2266 quis
557 2209 609 2251 tam
621 2203 713 2253 barba·
751 2202 843 2253 veuit!
866 2203 992 2254 Thebri.
1009 2205 1016 2230 ‘
1025 2203 1080 2268 jam
1092 2217 1162 2250 ceco
1175 2203 1283 2266 pulvere

181 2297 238 2331 rum
249 2281 339 2332 credat
350 2279 712 2348 ClaudianumiScriptiqui·
751 2279 826 2327 mixti
848 2279 907 2328 Una
929 2281 954 2328 iu
977 2279 1044 2327 nube
1067 2276 1166 2327 latent!
1201 2278 1282 2327 Theb.

180 2358 239 2408 darn
250 2358 380 2407 Grriccdit.
410 2357 631 2426 tragoediarum.
649 2358 714 2419 Syn.
751 2367 815 2404 νιιι.
831 2355 893 2403 ‘Sic
912 2355 957 2404 ubi
976 2352 1125 2418 perductus
1147 2368 1197 2400 uno
1218 2354 1282 2416 ratis

179 2448 225 2482 uss
238 2433 347 2492 Latinis,
358 2432 460 2482 Graecis
476 2430 508 2479 rb
523 2428 636 2480 adnata
653 2431 712 2480 Ste-
750 2430 843 2479 obruta
862 2446 950 2480 somno
973 2429 1123 2480 Conticuit'
1149 2430 1230 2479 'llseb
1252 2441 1281 2479 x.

180 2510 297 2573 pbanus:
320 2505 425 2558 Σύνναδα
444 2504 513 2554 πόλις
529 2505 637 2568 Φρυγίας.
654 2508 711 2556 Nec
748 2503 756 2530 ‘
769 2504 828 2553 Uus
838 2518 926 2553 omues
938 2504 1080 2567 eademque
1091 2504 1161 2551 subit
1169 2503 1280 2554 formido

177 2585 254 2635 aliter
270 2583 364 2632 Strabo
382 2589 409 2631 et
420 2583 585 2631 Ptolemaeus.
619 2583 711 2632 Cicero
748 2592 796 2641 per
808 2578 916 2627 annos?
934 2584 961 2627 et
978 2577 1092 2627 ibidem:
1111 2580 1279 2644 ‘pariterque

179 2659 284 2720 Catoni,
296 2657 379 2722 Epist.
395 2659 487 2707 Famil.
498 2658 565 2707 libro
578 2671 625 2707 xv.
645 2659 653 2685 ‘
667 2658 710 2707 Bi·
747 2655 853 2704 horrore
864 2654 912 2702 sub
924 2669 974 2703 uno
985 2655 1055 2716 Vox,
1073 2655 1153 2714 scies,
1163 2655 1279 2716 sanguis-

178 2734 257 2786 dnnm
267 2732 462 2795 Laodiceaeful,
480 2731 709 2796 deindeApamere
748 2747 798 2796 qne
817 2733 902 2798 perit!
934 2734 1019 2783 Theb.
1031 2748 1083 2783 ιιι.
1108 2736 1207 2797 ‘atque
1227 2748 1277 2783 suno

176 2813 352 2878 quatriduum,
369 2810 481 2860 triduum
496 2809 632 2872 Synnadis,
651 2810 710 2860 toti·
746 2811 832 2858 vultus
844 2811 941 2872 pallore
953 2810 1051 2873 gelati?
1068 2811 1102 2859 D.
1113 2811 1199 2858 Heius.

177 2887 236 2937 dem
255 2889 310 2938 dies
326 2886 483 2936 Philomeli!
517 2885 575 2935 Lib.
596 2900 637 2935 ιιι.
657 2889 707 2950 Ep.
778 2892 826 2938 28⁷
843 2889 912 2938 irata
928 2890 1049 2953 profatur]
1077 2890 1199 2937 Commota
1215 2887 1277 2936 libri

176 2967 200 3013 8.
218 2963 251 3013 sd
272 2961 405 3026 Appium:
423 2964 430 2988 ‘
444 2963 502 3011 Nou
520 2961 665 3016 arbitrabar
680 2971 707 3013 te
745 2963 872 3025 meliores,
884 2970 912 3013 et
924 2980 982 3013 mox
991 2967 1121 3026 pandera
1133 2966 1277 3027 prolonga·

176 3054 272 3104 genere
281 3040 330 3088 isto
339 3039 497 3102 legationum
509 3038 644 3088 delectari.
663 3038 708 3088 ld·
744 3054 788 3089 aa:
814 3041 851 3090 sio
876 3039 952 3090 ‘fera
974 3041 1122 3090 vulneribus
1147 3047 1277 3091 commota

174 3131 226 3182 que
237 3130 279 3166 me
290 3115 402 3173 arbitror
423 3113 609 3176 Synnadispro
626 3114 707 3164 tribu·
743 3113 823 3167 ruit?
851 3124 879 3166 et
906 3117 1072 3166 ‘Commota
1099 3118 1276 3180 glomerantur

174 3193 228 3245 uli
253 3193 340 3243 multis
364 3192 450 3240 verbis
476 3191 623 3254 disputasse
636 3193 651 3241 ε’
679 3200 707 3242 et
744 3190 823 3254 spes!
855 3191 957 3245 Lib.11.
976 3193 1002 3242 in
1022 3192 1108 3242 Rufin.
1127 3193 1214 3242 Laude
1230 3193 1276 3243 Ss-

174 3283 255 3318 mox:
276 3267 359 3317 ‘Cum
377 3266 511 3328 Apamea,
533 3281 590 3316 eum
613 3268 706 3318 Laodi·
743 3279 827 3316 rene:
852 3269 983 3333 ‘cumque
1001 3270 1057 3333 ipsa
1076 3270 1181 3318 timeret
1198 3270 1274 3320 Com·

174 3357 305 3405 ceae,cum
324 3341 463 3405 Synnadis,
480 3357 538 3390 cum
558 3343 707 3407 Philomeli,
742 3350 839 3393 motum
849 3345 974 3395 Flaccilla
986 3344 1085 3394 virum?
1104 3339 1180 3393 Idem.

173 3433 232 3469 cum
245 3419 328 3468 Iconii
340 3433 431 3478 essem,
446 3418 538 3482 quibus
559 3418 584 3467 in
602 3419 705 3481 oppidis
774 3423 821 3468 291
835 3421 986 3484 Quantasque
993 3423 1107 3470 cadavera
1114 3423 1173 3471 lenti
1182 3422 1274 3472 Maars-

173 3494 292 3545 amuibus
308 3502 482 3544 commoratus
494 3508 549 3543 sum
559 3493 577 3543 :’
595 3501 623 3543 et
635 3502 705 3557 post·
741 3496 888 3559 dripassura
907 3500 994 3562 moras]
1021 3499 1082 3546 Fuit
1101 3513 1158 3546 cum
1178 3501 1271 3560 reponi

173 3584 219 3619 ee:
245 3571 253 3597 ‘
265 3569 359 3618 Iisdem
372 3569 462 3618 diebus
474 3584 547 3624 meus
559 3577 703 3621 conventus
741 3570 838 3620 debere
865 3572 1015 3632 arbitrarer,
1037 3579 1178 3635 quantasque
1202 3576 1272 3623 cada·

172 3651 230 3695 erat
247 3645 381 3710 Apameae,
401 3646 538 3710 Synnadis,
548 3646 703 3709 Philomeii;
739 3662 793 3697 cerr
816 3649 893 3696 umas
916 3649 1040 3698 Maasder
1065 3663 1161 3711 passure
1184 3664 1271 3701 moras.

172 3728 232 3778 tirus
243 3722 337 3772 Tarsi.'
365 3722 396 3770 In
413 3723 529 3772 Historia
542 3738 644 3788 quoque
655 3726 703 3774 Ec·
740 3723 822 3774 Idem.

169 3797 318 3848 cleaisstica
348 3798 434 3848 Rufini
461 3800 624 3867 scribendum
652 3808 702 3865 est,
770 3805 819 3852 292
837 3801 966 3851 immobilis
975 3801 1050 3850 beret
1063 3800 1195 3863 Temnum]
1218 3802 1269 3849 Lu-

169 3876 233 3937 Qrad
244 3874 425 3940 Synnada,nou
437 3874 588 3938 Sporadum:
607 3877 633 3926 iu
651 3879 702 3928 Eu·
738 3877 845 3938 cretius,
856 3878 901 3926 lib.
915 3891 935 3926 ι.
947 3877 1080 3940 Virgilius,
1091 3878 1134 3926 lib.
1146 3891 1186 3925 tv.
1204 3879 1269 3927 Bar·

169 3949 241 3999 sebio
252 3957 292 4001 est
303 3951 328 3998 ἐν
338 3949 473 4002 inauribus:
495 3952 563 4014 apud
586 3952 701 4002 Prudeu·
736 3954 809 4003 tisias.

170 4022 245 4086 tium,
260 4024 304 4073 lib.
318 4040 347 4077 u.
364 4029 389 4075 in
402 4028 545 4090 Symmacb.
564 4029 700 4090 perperam
768 4033 817 4079 ²94
835 4028 920 4090 Paret]
946 4029 1069 4079 Hoctam
1087 4026 1268 4082 flebilifunes·

169 4099 249 4162 vulgo
266 4101 423 4163 umoulosaque
445 4103 528 4166 Sparsa
549 4117 595 4166 pro
606 4102 701 4166 Spaaas
736 4113 816 4170 toque
827 4107 920 4156 omine.
938 4107 1012 4157 ideas.
1252 4121 1261 4130 ’

166 4174 280 4240 iegitur:
296 4192 357 4227 mox
369 4179 460 4229 Geticis
468 4179 617 4243 populatibus
627 4185 699 4231 'reete
769 4183 844 4233 Paret
851 4181 968 4247 finitimis
984 4179 1073 4242 luctus]
1095 4182 1146 4231 Par
1161 4187 1183 4231 et
1197 4181 1266 4232 Livi-
