2662 4696
109 302 197 369 tnta
462 296 572 368 nora
594 308 798 369 taaroaurr
822 318 864 370 nr

143 468 174 513 at
194 458 550 527 Quosaethgrsaeaegestes]
573 463 644 529 Ρη·
680 466 744 512 tare.
778 458 910 512 Oxouimr
928 454 1068 514 Είωὰα
1088 457 1210 516 narret·

109 542 189 591 meaos
206 540 250 588 alii
267 541 293 588 in
313 540 453 603 AEtbiopia,
469 540 512 589 alii
530 539 644 590 inludia
678 553 783 602 panacea
793 539 881 589 tiaris.
913 534 1077 592 marasim:
1096 542 1210 593 arnust

110 625 157 668 aut
177 616 253 665 Caria
275 624 321 667 aut
338 617 447 666 Thracia
467 617 644 678 collocarunt;
680 616 762 665 πίννα·
777 616 826 666 eim
843 615 960 666 luciaria
975 621 1034 667 luoe.
1067 615 1210 670 Medicam

111 694 158 744 sed
170 708 257 743 eornm
274 695 406 758 regionem
424 694 518 758 plantis
528 692 643 742 odoratis
681 695 716 743 Εί
733 694 820 742 sociam
834 694 907 744 mirre
925 709 977 743 cam
994 693 1128 743 mertam
1143 694 1210 745 etsta

110 769 254 821 mundasse
265 772 308 836 qui
320 768 542 833 dicat,anctorem
553 769 643 818 etiam·
681 770 802 821 tresalii:
820 771 930 820 Etrecie
945 772 1005 820 arira
1021 771 1073 820 nisa
1088 767 1209 838 (velen)

110 861 281 912 numquaero.
315 847 471 896 Persuasum
483 859 514 894 ea
534 851 643 909 propter
680 842 883 899 lamentam.
915 848 1117 899 Barthollnlusa
1135 848 1208 898 Etis·

110 914 192 974 babeo
205 924 426 986 Pauulroeasgcntes
441 923 490 971 lruc
503 936 558 972 esse
571 934 643 970 reve·
680 926 742 974 eiam
753 924 826 974 raim
842 924 891 973 rim
907 922 1027 973 ίαιίαιινα
1044 928 1123 973 lucrm
1155 922 1207 975 Quis
1252 940 1254 965 :

110 1003 217 1054 caudas.
247 1003 380 1051 Panchaia
391 1001 642 1064 enim,quaecumque
681 1000 785 1051 dubitet
816 1008 928 1051 recten
955 1000 1036 1050 nobis*
1061 1000 1208 1066 castigatum

109 1080 215 1145 taudem
232 1080 265 1129 sit
285 1081 340 1128 lraec
353 1085 433 1138 terra,
445 1077 566 1138 cinnami,
577 1090 643 1140 myr-
681 1090 754 1128 esse:
774 1078 808 1127 Et
823 1077 909 1128 uriam
920 1077 1027 1143 myrrha
1036 1078 1100 1136 aim,
1109 1090 1208 1142 warte,

111 1154 246 1219 r'boe,costi
258 1155 415 1205 feracissima
427 1153 643 1219 passimapoiitis
681 1161 763 1214 taum
780 1153 932 1220 vermen?
964 1155 1066 1205 Notum
1083 1155 1149 1205 illud
1162 1154 1208 1204 iit·

111 1240 334 1284 commemoratur.
368 1232 438 1284 Quid
450 1231 520 1298 quud
532 1231 643 1294 Plinius,
682 1231 779 1294 roais‚‘
792 1226 937 1281 Ambrosie
954 1246 1047 1282 succos
1060 1238 1091 1282 ct
1109 1230 1208 1282 odorife-

110 1305 137 1377 in
149 1309 268 1359 Naturali
278 1309 407 1371 Historia,
418 1323 490 1357 avem
501 1307 643 1372 plroenicem
681 1320 736 1356 ram
748 1299 905 1371 panaceam!
927 1309 1061 1359 Craterum
1074 1312 1120 1359 vel
1129 1324 1161 1358 ex
1170 1309 1208 1358 boe

109 1399 192 1461 prope
207 1385 362 1434 Panchaiam
375 1384 400 1433 iu
412 1384 479 1434 Solis
487 1385 551 1432 rrrbe
561 1383 644 1433 solere
681 1382 757 1432 unico
769 1385 825 1432 loco
833 1382 1006 1433 eruditionem
1015 1386 1156 1450 scriptoris
1165 1398 1210 1434 aue

110 1460 198 1511 nidum
221 1461 354 1524 deponere
376 1461 526 1511 asseverat?
565 1460 643 1509 Certe
683 1459 717 1509 tri
731 1460 887 1524 exquisitam
907 1458 1020 1509 estimes
1037 1475 1069 1510 ac
1089 1461 1209 1511 venereris

111 1528 196 1589 dodex
218 1538 395 1587 Bartholiuius
416 1536 549 1586 Parricida
562 1539 645 1598 gerres
681 1536 752 1587 iicet.
785 1535 865 1599 Πίναξ
880 1535 922 1586 καί
937 1532 1043 1587 πίνακας
1062 1537 1106 1587 arai
1123 1536 1212 1587 πίνακα

111 1629 160 1679 pro
172 1613 274 1663 divorsa
291 1614 403 1663 lectione
415 1612 556 1663 exhibebat
576 1613 644 1675 Peg·
682 1611 721 1663 sal
731 1611 846 1663 eandm
856 1613 898 1663 bia
909 1612 998 1663 frutex
1010 1626 1026 1662 α
1038 1613 1145 1664 Grecis
1159 1627 1211 1664 nun·

111 1695 279 1752 magartae,
288 1692 329 1738 vel
341 1689 483 1738 Panchaia:
495 1689 521 1736 in
533 1702 584 1736 mro
593 1688 645 1736 Va·
682 1696 803 1751 cupatur,
828 1694 903 1738 tauta
929 1688 1054 1738 medendi
1082 1687 1210 1750 facultate,

112 1765 200 1816 tireno
224 1767 341 1830 Pygirteoe
361 1772 451 1827 gantas.
493 1763 548 1815 Pro
573 1764 645 1815 ladio
683 1763 752 1830 quod
763 1770 792 1813 et
802 1776 896 1814 nornen
912 1766 976 1814 satis
994 1764 1096 1815 evincit
1115 1765 1162 1815 isi
1176 1766 1212 1815 rai

111 1840 223 1906 quinque
232 1841 336 1891 codices
345 1844 445 1898 Indiam
461 1838 490 1890 ut
500 1840 532 1890 ad
543 1844 646 1906 terram,
682 1840 731 1890 πᾶν
740 1841 845 1891 &aindas
856 1841 1007 1904 deductum,
1018 1850 1048 1891 nt
1060 1845 1106 1892 uui
1115 1859 1148 1893 ex
1158 1840 1212 1892 filia·

111 1917 181 1982 quod
194 1932 253 1966 mox
266 1918 438 1982 subsequitur,
450 1915 589 1968 referatur.
683 1917 731 1967 bus
742 1916 904 1982 AEaoulapins
919 1915 1052 1967 Πανακείας
1070 1930 1166 1968 nomeu
1180 1917 1213 1967 in-

114 1990 121 1999 '
143 1997 175 2045 88
195 1995 309 2043 cinnama
325 1994 409 2044 debinc
424 2008 551 2056 uarumque
564 1994 647 2056 procul
683 1990 791 2055 diderit,
800 2008 858 2059 quae
870 1998 1004 2058 quaternas
1014 1996 1127 2043 numero
1138 1992 1213 2056 luere,

110 2071 333 2145 φίνααίίνανηονηί]
359 2069 645 2132 Vossianus,Cr'nrsanro·
685 2074 714 2118 trt
734 2068 836 2118 Plinius
860 2068 979 2118 adfirmat
1001 2071 1127 2120 lxxxv.
1146 2074 1213 2121 nli.

110 2162 152 2199 aar
169 2147 216 2197 tn.
250 2147 346 2197 Ceteri
367 2147 485 2211 plerique
506 2145 647 2194 craumers
684 2146 724 2194 Ex
736 2145 766 2194 iis
778 2144 955 2209 Hippocrates
970 2146 996 2195 in
1014 2146 1214 2198 Juramautoss

110 2216 175 2288 diac,
186 2225 238 2289 vel,
253 2224 433 2272 cinnamomum
451 2222 513 2272 irinc.
547 2223 647 2285 Legcn·
684 2220 722 2270 las
735 2227 855 2271 recenset
867 2221 1017 2282 duas‚hnuc
1029 2221 1214 2272 videlicetnoa·

112 2300 173 2352 dum
187 2300 382 2350 cinnamellus
401 2310 459 2348 cum
475 2296 645 2347 Bartlrolinio.
685 2300 751 2347 tram
770 2304 798 2347 et
814 2298 946 2362 Hygiam:
959 2296 1062 2358 Ὄμνυμι
1081 2296 1216 2348 Ἀπόλλωνα

111 2377 234 2443 Proxime
243 2392 332 2427 verum
342 2376 420 2426 etiam
429 2389 494 2424 unua
506 2373 646 2423 Vaticanus
684 2371 772 2436 ίητρίν,
786 2373 826 2422 καί
841 2373 993 2438 Ἀσκληπιὸν,
1010 2374 1050 2424 καί
1065 2374 1172 2438 Ὑγείαν,
1181 2370 1215 2426 sai

114 2450 305 2504 Ciunummiic.
338 2453 391 2502 Pro
408 2448 645 2515 auraemomiquod
684 2446 1070 2514 llavdusrcmmiesoisrderar,
1083 2448 1214 2511 edebas,

111 2524 251 2593 Salmasius
263 2528 295 2576 ad
308 2528 421 2577 Soliunnr
429 2544 499 2577 acam
508 2529 593 2576 amomi
604 2526 646 2576 iric
682 2526 778 2590 ίστορας
784 2524 928 2588 ποιούμενος·
949 2526 1016 2577 biuoe
1025 2528 1137 2594 reliquae
1146 2529 1214 2578 Iasus

112 2604 210 2654 debere
230 2604 319 2668 reponi
337 2604 483 2666 contendit,
495 2604 646 2669 neutiquam
684 2611 714 2653 et
737 2603 825 2669 AEgles
846 2618 939 2653 nomeu
962 2618 1016 2667 prae
1037 2618 1066 2653 se
1090 2604 1215 2657 ferebant.

113 2679 265 2745 persuadet.
297 2679 365 2727 Aura
382 2680 468 2727 amomi
485 2679 549 2727 nihil
567 2680 647 2745 aliud,
686 2679 828 2728 Pausanias
845 2680 871 2728 iu
888 2679 987 2730 Atticis
997 2679 1092 2744 AEglen
1114 2681 1214 2745 emittit,

113 2771 190 2826 quam
203 2756 267 2804 odor
279 2757 380 2805 amomi.
415 2755 544 2820 Lucanus,
561 2756 605 2806 lib.
617 2770 645 2807 x.
684 2755 811 2805 abiaram
819 2755 891 2806 bisce
907 2756 1016 2806 Deabus
1030 2757 1061 2806 ab
1079 2757 1215 2808 Athenien·

112 2828 411 2905 {multumquemadenti
421 2832 548 2882 Infudere
557 2848 647 2900 coma,
685 2831 756 2882 sibus
768 2831 912 2882 dedicatam
923 2831 1061 2892 describit,
1077 2830 1216 2898 αετίρνηίί

113 2911 156 2961 cui
166 2912 279 2960 nondum
293 2911 397 2960 evanuit
409 2925 479 2972 aura,
495 2910 646 2973 Cinnamon,
686 2908 736 2957 ἔστι
746 2909 790 2958 τοῦ
801 2909 882 2970 βωμοῦ
891 2911 961 2973 μοῖρα
970 2908 1114 2972 Ἀφροδίτης
1126 2911 1165 2960 καί
1171 2916 1213 2960 lis·

113 2993 229 3038 externa
249 3004 296 3038 uec
320 2988 436 3050 perdidit
458 2985 520 3035 a'e'ra
540 2985 646 3036 terraes’
684 2982 785 3035 russiae·
804 2983 856 3034 ἔστι
872 2983 898 3034 bi
913 2983 1054 3035 Ἰιίσαυςκαί
1070 2986 1168 3052 Ὑγείαν
1180 2984 1214 3036 καί

112 3065 464 3127 siccastigauduruvidetur.
498 3064 646 3113 Namnunc
682 3064 782 3122 Ἀθηνᾶς
792 3061 915 3114 Παιωνίας.
948 3063 1071 3112 Meruiuit
1090 3066 1213 3116 Pauacea

112 3141 197 3201 miuus
220 3142 355 3203 eleganter
376 3140 565 3203 circumfertur,
585 3141 646 3202 quod
685 3139 763 3189 etiam
785 3140 849 3188 Deae
871 3137 1058 3203 Aristophanes
1082 3142 1110 3190 in
1133 3142 1214 3191 Pluto.

112 3216 214 3284 nondum
226 3217 322 3264 enuuar't
332 3213 391 3263 nard
405 3215 543 3264 Cianorum.
576 3215 646 3265 Pris-
684 3215 767 3265 Porro
786 3214 891 3279 hujusce
910 3216 1007 3277 plautae
1029 3219 1133 3278 specics
1156 3228 1215 3268 coru·

113 3290 354 3354 cianusPeriegesi:
372 3291 647 3353 ‘Ciuuamapraeterea
685 3293 778 3355 plures.
811 3292 880 3342 Nam
899 3289 1005 3341 Πάνακες
1024 3291 1175 3356 Ἡράκλειαν,
1190 3296 1214 3342 et

110 3365 234 3433 jucundae
255 3367 359 3416 naribus
379 3366 464 3417 aurae.'
499 3367 577 3430 Apud
592 3369 648 3418 Ma·
684 3366 786 3418 πίνακες
802 3365 956 3429 'Aquinatem
972 3375 999 3416 et
1015 3366 1122 3420 πίνακες
1138 3366 1214 3434 xta&

114 3456 202 3495 renem
224 3441 373 3506 Georgicon
396 3449 506 3507 quarto:
536 3443 583 3495 ‘at
603 3443 647 3493 olli
683 3442 934 3494 verovaDioscoride
944 3444 1059 3494 ubertim
1069 3447 1214 3495 describun-

113 3520 205 3570 Dulcis
229 3521 378 3584 compositis
403 3520 513 3584 spiravit
533 3520 647 3571 crinibus
684 3527 734 3570 tur.
751 3519 833 3570 Addit
843 3518 954 3581 Plinius,
965 3518 1092 3571 nixae.
1104 3525 1130 3572 4.
1143 3522 1214 3572 Phar·

114 3597 195 3647 aura!
231 3599 272 3645 Dc
289 3613 340 3662 quo
359 3598 485 3646 vocabulo
504 3597 577 3659 liujus
596 3596 647 3660 sig·
684 3610 793 3646 uacaum
804 3593 1215 3660 Plraruaciaregisiuveutum,et

113 3670 269 3727 nificatiouia
280 3672 311 3720 ad
325 3674 452 3722 Nasonem
464 3671 520 3736 jam
533 3670 648 3720 nouuibil
685 3672 834 3722 Heracleon
863 3670 986 3731 siderion,
1011 3672 1214 3730 et.‚Olrironiuur

114 3745 225 3797 diximus
253 3747 321 3796 Met.
342 3761 389 3798 xv.
413 3750 470 3798 394.
504 3747 647 3811 Perperam
685 3750 867 3801 Centaureunr.
884 3733 1214 3801 uttatsusfitssenueams

57 3888 60 3893 Ι
112 3824 269 3887 membranae
282 3823 425 3888 Vossianae,
443 3825 647 3888 sparmatisanw·
683 3822 813 3883 videatur,
824 3824 885 3872 dum
897 3838 1036 3885 panaceam
1048 3824 1215 3875 aecntaureit

112 3902 157 3963 rat.
685 3898 832 3963 distinguit,
853 3899 912 3948 ‘Et
933 3913 1048 3961 panacea
1073 3910 1168 3964 potens
1190 3901 1214 3950 et

146 3983 179 4028 88
197 3980 231 4028 Et
248 3981 322 4039 meiat
342 3978 445 4043 mprriroe
467 3992 555 4041 porcae
574 3981 647 4039 gruta
683 3975 808 4041 Thessala
819 3974 977 4024 centaurea!
1004 3976 1071 4030 Nam
1085 3977 1214 4040 virgilius,

112 4053 196 4117 aima]
211 4055 393 4116 ineptissimus
412 4052 531 4117 profecto
550 4064 647 4112 versus,
684 4066 742 4101 aum
758 4052 855 4116 ‘grave
872 4051 968 4100 olentia
979 4053 1132 4101 centaurea'
1143 4048 1214 4112 dixit,

113 4120 377 4178 sednullaLactantii
388 4129 469 4179 nostri
482 4129 566 4191 culpe.
582 4119 646 4177 Vos·
684 4141 826 4191 panaceam
841 4127 953 4175 innuisse
971 4124 1161 4178 existimandus
1171 4134 1215 4188 eat,

113 4204 213 4259 thuna:
232 4206 350 4260 Είαοαίαί
357 4205 461 4275 myrrha
472 4198 648 4270 nisipatariea
684 4217 730 4256 seu
749 4203 918 4271 bigerricam,
937 4216 1014 4271 quam
1033 4201 1061 4252 in
1078 4199 1212 4273 Apennini
