2662 4696
395 329 686 379 arturianum.
1005 313 1095 382 lm

91 471 205 521 omnium
226 477 276 532 est,
297 487 355 537 quse
378 472 404 521 in
427 481 521 522 morta·
595 473 728 522 sPsotors
741 474 798 523 oum
814 472 881 521 niueo
893 472 1014 534 misenam]
1034 473 1094 522 Pac·
1131 535 1133 540 λ

91 563 122 597 us
133 562 191 596 suos
204 547 325 611 producit
337 548 446 598 frrrotns.
471 550 522 612 Gy·
562 564 615 598 rum
627 549 775 609 Tbuaneus,
786 555 813 597 et
827 563 860 597 ex
879 563 924 597 sno
934 549 1025 598 codice
1038 549 1095 598 Cla·

564 624 667 684 verins;
683 638 732 672 nec
750 623 891 672 dissentio:
909 625 1046 686 probatum
1065 633 1095 674 ct

91 699 189 760 agninis
209 699 322 762 affectum
342 706 417 749 mater
441 715 522 750 amors
563 700 678 749 Bartbio.
702 700 737 749 D.
751 700 836 749 Heius.

91 777 198 824 Ratione
217 776 324 825 incestae
343 777 442 825 libidini
459 792 523 840 pug·
594 776 676 825 Anxia
687 776 782 838 miris]
799 776 888 824 Mater
900 777 989 825 eadem
1006 784 1032 825 et
1049 792 1095 826 nu·

111 852 253 901 Caritatem
274 861 425 913 maternam,
437 852 522 901 libidi·
563 851 694 914 trix‚qnae
714 867 849 900 mammam
868 853 1020 916 dediscam
1033 868 1094 917 pec-

91 941 155 975 uore
174 933 275 975 mutare
291 927 374 976 timei.
400 925 522 990 Affectara
562 928 612 976 tori
634 927 825 977 suomiserum
855 928 980 992 applicat,
1007 942 1094 977 amore

91 1002 213 1051 isfilinnr
232 1003 288 1065 ipse
310 1002 437 1065 intellige,
454 1004 522 1052 bunc
562 1003 784 1066 ejuspercntitur.
810 1003 899 1053 nors.

92 1092 156 1127 aare
167 1079 255 1127 horret
265 1085 358 1142 mater,
369 1079 475 1129 incensa
485 1081 522 1128 ln·
594 1084 611 1129 6
629 1081 664 1131 Es
673 1081 726 1145 ipsa
738 1081 812 1146 dolet]
826 1079 878 1130 Tui
890 1094 977 1130 amore
986 1081 1095 1130 incesto.

92 1154 210 1217 :apidiuls
231 1153 347 1203 facibus:
383 1162 409 1204 et
433 1155 470 1204 sic
486 1156 523 1204 lo·
563 1157 658 1220 Parce,
686 1159 733 1217 ait,
758 1159 852 1208 talibus
874 1156 1044 1219 facinoribus,
1062 1171 1095 1207 nc

91 1245 104 1279 r
126 1231 236 1294 integre
265 1238 294 1279 et
314 1231 447 1280 inclinatas
470 1231 523 1281 Ro-
562 1234 682 1297 exemplo
698 1241 743 1284 tuo
761 1234 1096 1300 incitatainiquoquoim

93 1306 133 1356 rel
148 1306 298 1369 scriptores,
309 1305 408 1370 affectas
429 1322 523 1371 cogna-
564 1309 607 1371 pio
618 1322 706 1358 amore
725 1317 809 1358 mater
827 1310 915 1358 Venus
934 1309 1096 1359 incendatur

99 1381 328 1446 -agnationemqne
345 1394 447 1432 omnem
464 1396 524 1446 per·
563 1385 645 1445 Dolet,
656 1390 735 1434 amat.
762 1383 921 1433 Arnorenirn
938 1383 1097 1434 infinltorurn

92 1472 118 1508 is.
142 1457 230 1507 Bartb.
563 1458 680 1508 dolorum
691 1473 781 1509 caussa
790 1464 818 1507 et
829 1459 994 1522 principium.
1021 1459 1096 1508 Idem.

469 1803 602 1881 LXX.

93 2091 102 2109 .
138 2041 191 2108 De
207 2042 293 2108 Zoraa
309 2041 397 2130 Equi
410 2045 491 2132 regii
504 2047 594 2110 missa
612 2045 755 2111 Honorio
771 2045 857 2133 Aug.
878 2069 899 2110 o
915 2043 1043 2110 Serena.
1076 2144 1077 2147 Ἴ

93 2240 145 2278 ms.
164 2229 205 2278 Dc
222 2228 302 2292 piterio
322 2229 412 2293 sossio
437 2229 526 2278 Serena
564 2229 705 2278 lectionem
727 2228 796 2277 curis
819 2227 940 2276 secundis
967 2227 1099 2275 Bartbias.

103 2306 163 2370 lege
176 2306 287 2370 'ploleris
306 2321 365 2357 cum
386 2308 526 2357 Moretauo
566 2305 642 2354 Silius
651 2304 696 2355 lib.
706 2318 734 2353 v.
752 2304 832 2352 ‘Stat
849 2303 951 2365 sonipes
968 2306 1099 2365 vexatque

93 2382 198 2432 oniensi.
216 2383 358 2433 Vaticanus
370 2384 478 2448 primus,
488 2383 528 2433 De
566 2381 640 2430 ferox
651 2380 783 2430 bumentia
795 2377 885 2428 frena?
905 2376 1055 2441 Hypsipyle
1066 2374 1103 2424 de'

93 2458 124 2508 uri
136 2459 199 2520 regii
213 2459 285 2507 missa
295 2458 405 2509 Honorio
420 2459 527 2522 Augusto
566 2457 725 2508 Archemoro
746 2452 949 2520 apaustaulum
971 2451 1051 2501 Theb.
1073 2463 1100 2501 r.

93 2548 125 2583 ar
139 2534 230 2597 probe.
247 2535 282 2584 D.
296 2536 382 2584 Heius.
567 2534 662 2583 ‘modo
674 2540 700 2582 te
711 2533 828 2597 digressa
847 2529 940 2595 reliqui
955 2528 1100 2589 Lascivum,

93 2612 185 2674 anceps
205 2612 346 2674 omasus]
375 2611 528 2661 Memoranda
567 2615 596 2658 et
614 2623 696 2672 prono
715 2614 852 2658 vexantem
872 2604 989 2671 gramina
1006 2602 1101 2654 cursu!

96 2688 230 2752 plerique3
246 2688 283 2736 nil
299 2695 371 2737 muta
381 2693 476 2738 tamen.
487 2701 527 2737 vr.
568 2685 606 2734 D.
623 2684 710 2734 Horas.
735 2698 737 2703 ·

93 2762 150 2813 lon.
167 2762 347 2826 ‘Agnoscisne
366 2771 432 2825 tuos,
452 2763 528 2812 Priu-
600 2763 706 2828 albric
725 2767 795 2823 tergo
814 2759 897 2811 rulers
916 2757 993 2820 croso]
1019 2758 1102 2807 Mem·

93 2839 225 2900 uesanos,
237 2846 344 2902 penates
353 2839 372 2888 i'
385 2840 462 2888 Idem.
563 2838 657 2889 ‚branae
669 2838 783 2902 potiores
794 2841 859 2885 toro:
875 2841 905 2882 nt
916 2834 985 2897 apud
1003 2834 1101 2882 catull.

94 2914 190 2979 ἠῢν]
208 2917 326 2978 lltrgt'rlus
344 2916 469 2981 placebat
488 2917 530 2966 Li·
567 2914 635 2962 ‘Vir
654 2920 714 2961 tuns
732 2913 810 2974 'lysia
826 2910 852 2959 in
868 2916 927 2959 toro
938 2914 1009 2958 totus
1020 2908 1103 2956 immi-

105 2994 174 3058 quod
191 2995 292 3043 etmihi
304 2996 365 3045 olim
377 2996 403 3043 in
416 2999 528 3042 mentem
568 2994 631 3037 neat
650 2987 716 3036 tibi!
748 2985 864 3034 'libullus
888 2983 933 3033 lib.
951 2996 971 3033 1.
991 2983 1103 3046 Elem.

94 3075 112 3118 t.
131 3069 226 3120 Horat.
245 3071 263 3119 l.
283 3069 529 3120 1v.0o.1n.‘ncc
568 3061 740 3125 ‘Quidl'yrro
749 3061 875 3110 recubare
884 3058 1006 3109 torosnm
1015 3071 1102 3108 amore
1140 3116 1146 3128 .

94 3149 202 3210 trepnnt
212 3144 367 3194 Hiberna
343 3159 402 3194 nire
413 3141 529 3207 turgidi
569 3139 684 3190 secundo
695 3136 833 3188 Prodest?
858 3137 944 3185 Torum
956 3141 1042 3185 nmen
1058 3133 1104 3184 bic

569 3231 617 3280 pro
629 3216 717 3266 stratis
727 3221 801 3279 tergo
810 3214 870 3278 equi
879 3211 1006 3277 impositis
1017 3211 1103 3262 sumit.

94 3299 145 3346 issu
162 3311 255 3347 oosars
270 3295 418 3360 smaragdos]
442 3296 528 3360 Hujus
570 3291 646 3346 Idem.

94 3371 144 3420 sin
155 3373 313 3421 ornamentis
321 3387 444 3436 equorum
456 3379 531 3422 tanta
604 3367 677 3432 Tyrio
687 3364 765 3428 croco]
782 3367 912 3429 Purpura,
928 3361 1073 3426 flagrante·
1066 3372 1103 3410 in

95 3448 227 3511 gustarunt
239 3456 335 3512 praeter
344 3449 516 3513 Principes
493 3463 530 3498 ets
570 3450 783 3494 starcrocearum
793 3440 962 3490 flammarum
991 3437 1104 3486 Graecast

94 3523 142 3573 sani
153 3524 266 3574 licuerit
282 3525 372 3574 Bartlt.
571 3518 859 3584 omneqnodpulcbruru
867 3512 1007 3564 veteribus
1014 3512 1104 3562 Barilt.

94 3606 134 3650 a'rs
150 3600 299 3663 smaragdos]
322 3601 361 3651 Cl.
382 3600 529 3651 Gronovius
605 3598 636 3643 1⁰
653 3593 753 3657 Spargis
771 3596 795 3640 st
812 3588 927 3651 exram]
944 3588 1012 3640 Puto
1029 3587 1104 3652 Spar·

94 3676 246 3726 errationib.¹
264 3691 350 3724 secare
367 3676 432 3738 legit
442 3690 475 3723 ex
487 3674 531 3723 illo
569 3670 609 3731 gii
620 3674 664 3728 ut,·
657 3668 830 3717 ·admirantis
847 3674 898 3729 est,
918 3681 967 3715 uec
979 3680 1031 3714 rino
1042 3665 1105 3716 alibi

95 3750 153 3801 ilib.
164 3765 203 3800 rr.
220 3752 337 3814 rigidos
349 3750 469 3799 vexantia
480 3747 531 3797 fre
572 3746 631 3794 loco
640 3748 765 3805 corrupta
775 3744 876 3804 vocula,
893 3748 923 3792 ut
935 3743 991 3804 jam
1007 3740 1104 3791 monal-

94 3838 121 3877 ra
141 3828 253 3877 terensz’
276 3827 345 3892 quod
366 3824 458 3890 scripti
476 3822 532 3875 fere
573 3837 638 3871 mus.
656 3821 692 3870 D.
704 3821 790 3871 Heius.

106 3901 279 3966 confinnsnt3
306 3910 335 3954 et
356 3901 422 3952 vidit
445 3914 531 3952 rcraru
606 3903 635 3949 ll
653 3892 847 3960 Buritasaou]
854 3892 999 3957 Exignitas.
1016 3889 1105 3938 Basti.
