2662 4696
164 308 271 385 11676
327 331 437 382 norm
460 331 664 383 vastantur
688 331 729 380 ru
754 330 813 383 oo.
834 322 977 384 cason.
1000 330 1146 385 xxxvl.

185 489 285 540 quoque
294 489 365 525 more
377 492 422 526 sno
431 477 549 541 Scaliger
559 477 584 527 io
596 477 716 542 Podtsm,
753 478 835 528 scandi
852 479 931 528 serbo
950 478 1104 544 frequenter
1118 477 1204 528 utitur
1214 477 1286 529 creo

182 565 260 615 quem
273 558 360 600 tamen
372 552 496 602 damnare
513 568 564 602 uon
576 554 670 603 audet:
689 563 717 603 at
755 553 861 616 dianus;
880 555 946 604 libro
963 567 994 604 ιι.
1013 555 1039 603 iu
1056 552 1144 604 Rufin.
1164 554 1286 604 ‘Flexilis
1319 580 1323 625 1

182 626 361 684 ‘infeliciten’
379 629 472 693 inqsrit,
488 633 495 658 ‘
509 631 630 693 Cupressi
643 638 717 680 natu·
755 630 867 679 induetis
885 630 1015 680 animatur
1036 630 1130 680 lamina
1142 629 1287 681 memh'rist'
1312 628 1323 691 'l

183 717 238 752 rstn
247 705 385 765 expressit,
394 719 452 754 nam
463 721 494 754 ea
504 707 585 754 taedas
594 720 644 755 uon
654 706 716 756 dat!
756 706 798 754 ubi
819 721 955 770 perperam
972 722 1030 756 cum
1044 708 1152 770 scriptis
1163 708 1286 758 nonnullis
1321 698 1323 749 ἶ

183 779 279 831 Quaeso
304 788 341 838 te,
362 782 409 829 Vir
432 796 532 845 magne,
556 784 612 846 qrris
632 784 716 833 nescit
754 781 1286 846 iumutsrlegunt.Nupt.Honorii:‘sub⁴
1321 782 1323 831 l

146 854 149 859 ’
182 854 287 904 funebri
313 854 397 905 officio
424 858 488 905 banc
513 857 573 905 addi
597 858 716 907 solitam?
754 856 797 905 itis
817 859 964 906 animantur
982 856 1119 906 frondibus
1136 857 1246 908 hastae?
1261 864 1286 910 et
1321 896 1323 903 .

183 931 381 981 Serv.adrrr.et
392 947 430 980 vr.
446 933 716 985 AEneld.Plln.l.xvr.
754 933 831 992 alibi3
854 932 862 959 ‘
871 933 935 996 juga
953 932 1050 981 deserit
1072 931 1163 981 Haemi
1179 933 1286 996 Orpbeis
1320 960 1323 967 ·

182 1022 241 1072 cap.
260 1013 301 1058 33.
326 1009 404 1057 Orid.
425 1024 451 1059 x.
481 1012 589 1059 Metam.
611 1012 671 1060 Feb.
693 1017 716 1064 a.
755 1007 987 1057 auimatsmodisr’
1004 1008 1072 1072 quod
1089 1023 1123 1056 ex
1138 1007 1285 1057 Statioimi·

183 1100 260 1150 quam
273 1086 366 1134 Horat.
385 1085 430 1134 lib.
450 1100 480 1135 n.
498 1087 549 1136 (ld.
563 1092 601 1136 14.
616 1089 716 1139 incisum
755 1090 825 1134 tatus
844 1084 925 1132 Theb.
943 1097 1005 1133 vsrr.
1017 1084 1026 1113 ⁴
1036 1084 1146 1147 Tyriam
1160 1083 1285 1146 reptantis

183 1167 268 1219 vocat,
281 1169 308 1209 et
320 1162 404 1223 Epod.
423 1161 475 1211 Od.
488 1169 511 1210 5.
521 1163 653 1222 suasissem.
678 1166 717 1214 Si.
755 1173 817 1208 saxa
833 1157 876 1208 ad
894 1159 998 1222 chelyn,
1018 1166 1046 1208 et
1063 1159 1284 1210 subitasauinssn·
1321 1220 1323 1225 Ι

183 1237 232 1286 lius
245 1237 262 1286 l.
273 1251 301 1287 x.
313 1243 425 1287 modum.
459 1239 548 1290 Quid?
566 1241 634 1305 quod
654 1250 715 1292 anto
755 1243 807 1284 tem
819 1234 1285 1297 Amphionaeautes.’¹1dem8urren·
1321 1294 1323 1299 Ι

184 1313 309 1376 tempium
322 1315 425 1363 Cereris
443 1317 579 1366 crescebat
594 1317 715 1383 frequen·
755 1310 809 1359 lino
822 1311 914 1359 Pollii:
927 1313 934 1339 ‘
945 1311 973 1359 Si
985 1311 1047 1375 quid
1057 1311 1164 1374 Apellei
1176 1313 1284 1374 gaudent

182 1390 233 1439 tius
252 1404 283 1438 ea
302 1390 387 1439 arbor.
415 1391 487 1440 serv.
508 1392 540 1441 ad
561 1406 593 1441 n.
614 1394 714 1444 AEnetd,
754 1388 880 1437 assimasse
897 1386 1028 1453 liquores!
1051 1389 1127 1438 Idem
1141 1391 1245 1438 Pietate
1255 1388 1285 1438 A·

180 1464 244 1528 fine,
271 1467 304 1515 ad
327 1466 409 1515 illud:
435 1468 581 1532 ‘juxtaque
608 1472 715 1533 antiqua
753 1462 898 1512 bsseantii:
915 1465 960 1513 ‘Si
972 1479 1061 1513 manus
1073 1472 1120 1514 aut
1130 1466 1228 1515 slmiles
1244 1465 1284 1514 do·

181 1543 337 1606 cupressus!
370 1543 427 1592 luo
439 1551 466 1592 et
478 1559 553 1593 sacra
567 1546 628 1594 huic
641 1548 714 1596 Dea.
753 1541 810 1590 cilis
829 1540 890 1588 mini
917 1538 1016 1603 fingere
1037 1555 1120 1601 ceras,
1148 1539 1205 1589 Aut
1226 1540 1285 1590 ebur

180 1617 248 1668 stat.
264 1633 303 1668 tv.
321 1619 449 1668 Thebaid.
469 1621 573 1668 ‘minor
591 1636 635 1670 ara
658 1637 715 1684 pro.
752 1616 881 1679 impressis
901 1630 1024 1665 arrrsrmve
1048 1617 1164 1666 animare
1185 1613 1284 1679 liguris?

181 1691 269 1742 sundae
282 1695 398 1756 Erigitur
410 1694 518 1743 Cereri!
543 1695 575 1744 ld
591 1697 716 1758 est,Pr0.
752 1692 835 1740 Theb.
848 1705 885 1740 vt.
902 1694 909 1719 ‘
924 1691 992 1739 Exin
1004 1693 1197 1753 magnanimum
1212 1691 1283 1741 series

181 1769 308 1832 serpinae:
328 1769 363 1816 nil
381 1769 473 1818 mirum
485 1784 548 1833 ergo
559 1772 580 1819 si
598 1787 716 1835 praesaga
753 1767 857 1830 antiqua
867 1775 1003 1831 parentum
1020 1768 1159 1818 Invehitur
1175 1767 1244 1817 miris
1260 1768 1283 1816 iu

181 1841 279 1892 funeris
291 1846 381 1910 Ceres,
392 1852 418 1893 et
432 1843 570 1895 funebrem
588 1848 716 1911 arborem,
752 1842 850 1890 vultum
870 1843 984 1890 animala
1001 1842 1107 1906 figuris!
1143 1844 1176 1892 In
1198 1845 1283 1892 silim

181 1924 209 1968 et
220 1933 302 1979 snam,
314 1920 348 1969 ad
365 1920 422 1969 illos
434 1935 493 1985 usus
506 1925 715 1976 accommodarit.
751 1916 858 1966 animaist
878 1926 906 1966 1¹1
924 1918 1058 1978 sylvarum
1082 1918 1175 1980 tertio,
1193 1919 1284 1981 Lacry·

181 1995 359 2045 ammonites
380 2004 466 2045 tamen
487 1999 563 2048 taedae
583 2002 715 2064 nuptiales
752 1993 800 2041 mis
818 1993 939 2058 Etrusci:
956 1994 1041 2044 ‘Quae
1056 1992 1145 2041 divum
1163 1994 1190 2042 in
1202 1994 1284 2041 vultus

180 2083 231 2123 nou
255 2086 288 2120 ex
309 2087 441 2135 cupresso,
460 2074 506 2122 sed
527 2089 560 2123 ex
581 2076 656 2139 spina
680 2078 717 2140 pi.
752 2068 804 2132 igni
813 2067 927 2118 formata
935 2070 1063 2134 liquescat
1073 2069 1214 2118 Machina?
1225 2071 1286 2118 Pen-

180 2159 260 2210 πονε,
281 2149 349 2197 Ptin.
368 2149 551 2200 l.xv1‚0.1s,
570 2165 602 2200 ex
615 2153 715 2201 Massa.
752 2146 838 2195 tadius
859 2146 892 2195 dc
913 2147 1026 2195 adventu
1045 2146 1113 2194 veris
1135 2160 1171 2194 ex
1189 2146 1284 2211 optimo

180 2223 228 2272 rio.
255 2224 331 2272 Maro
353 2225 380 2273 iu
400 2225 477 2289 Cyri:
503 2227 647 2277 ‘Pronuba
665 2243 714 2279 uec
752 2223 858 2271 codice:
886 2222 1004 2285 ‘sentim
1026 2222 1096 2285 fugit
1115 2223 1215 2286 hyems,
1238 2223 1284 2271 Ze·

180 2305 267 2348 eustos
279 2301 407 2350 accendet
419 2301 616 2364 pinusodores.'
634 2304 715 2352 Varro
752 2298 890 2362 phyrisque
918 2299 1093 2348 animantibus
1115 2299 1207 2349 orbem
1227 2300 1283 2350 Jsm

180 2377 250 2439 spud
271 2378 385 2428 Nouium
407 2379 432 2427 iu
452 2379 596 2442 didascalo,
618 2381 651 2429 de
670 2396 715 2429 uu·
752 2381 826 2437 tepet
851 2378 935 2424 Eurus
965 2377 1046 2439 aquis.
1092 2378 1195 2440 Sentio,
1219 2375 1285 2439 fugit

180 2465 252 2500 mero
263 2451 368 2514 facium,
379 2455 532 2517 gestatione,
543 2457 650 2520 aliisque
663 2457 716 2506 riti·
752 2451 841 2516 hyems
849 2453 864 2501 ε’
877 2453 954 2516 vulgo
962 2453 1108 2502 umentibus
1118 2452 1207 2503 orbem.
1226 2453 1283 2502 Ant·

179 2526 236 2576 bus.
261 2529 345 2592 Tiraq.
362 2530 388 2576 iu
409 2529 486 2578 Alex.
512 2531 597 2580 libri.
620 2539 716 2596 capt.
752 2528 814 2576 nutri
833 2529 913 2592 igitur
925 2528 994 2586 foces
1013 2529 1092 2578 dictae
1114 2544 1175 2592 quae
1197 2542 1284 2578 acceu-

180 2602 247 2650 adde
264 2606 357 2651 Senec.
377 2603 471 2654 Octav.
491 2614 543 2656 act,
555 2621 588 2655 11.
607 2623 677 2660 scen,
689 2615 713 2658 2,
753 2603 867 2652 duntur:
897 2605 934 2653 sic
956 2606 1055 2654 incensae
1074 2605 1181 2654 anianum
1204 2606 1283 2654 Varro

180 2685 233 2726 act.
254 2692 296 2727 111.
317 2694 387 2727 scen.
406 2683 429 2726 1.
451 2681 539 2731 Plaut.
551 2683 652 2745 Casina,
664 2692 714 2735 act,
753 2679 819 2728 dixit
830 2680 978 2740 Bimarco,‘
991 2681 1159 2730 Noctilucam
1172 2683 1245 2744 tollo,
1254 2680 1284 2730 ad

163 2780 165 2782 -
179 2767 200 2803 1.
212 2769 282 2804 scen.
296 2760 319 2804 1.
337 2758 408 2805 Nota
424 2759 492 2821 apud
510 2759 639 2810 Romanos
652 2777 714 2824 pue.
752 2754 838 2804 focum
854 2755 919 2818 fero,
934 2755 1010 2807 iudo:
1029 2757 1116 2806 anima
1127 2758 1262 2808 reviviscit
1269 2755 1284 2806 :'

179 2845 221 2880 ros
237 2832 352 2894 patrimon
371 2831 441 2881 laces
472 2834 599 2896 praeferre
616 2838 714 2890 solitos.
753 2833 827 2894 plura
843 2832 892 2882 hoc
912 2833 970 2883 loco
990 2834 1111 2883 secundis
1133 2836 1205 2884 curis
1224 2837 1285 2884 Bar·

179 2907 250 2956 Plut.
261 2907 352 2956 Probi.
365 2923 422 2971 cap.
435 2912 460 2956 2.
478 2908 515 2958 At
525 2911 595 2973 apud
606 2911 713 2961 Graecos
752 2908 827 2956 thius.
861 2909 924 2956 Pari
933 2909 1010 2958 modo
1022 2911 1065 2958 et‘
1076 2910 1148 2958 vivas
1160 2907 1285 2960 incernas'

179 2991 299 3046 matrem,
318 2992 346 3033 ut
365 2986 406 3034 hic
429 2986 546 3047 habetur,
566 2993 593 3035 et
611 2989 714 3037 accedit
751 2984 877 3034 Horatius
900 2986 975 3037 dixit.
1014 2987 1125 3034 Plautus
1143 2984 1285 3047 Aulularia,

178 3060 267 3124 Eurip.
281 3061 370 3110 Phoen.
381 3062 388 3087 ‘
401 3063 457 3123 Ego
469 3068 554 3111 autem
568 3078 652 3127 neque
665 3064 712 3113 tibi
751 3069 803 3111 act.
813 3077 832 3112 1.
844 3078 879 3112 sc.
889 3067 914 3112 2.
928 3064 936 3090 ‘
948 3063 976 3112 Si
988 3063 1058 3112 vivet
1075 3063 1152 3126 iguis,
1166 3072 1195 3113 tu
1206 3064 1285 3114 extin-

177 3135 264 3183 lumen
285 3134 393 3183 accendi
413 3135 554 3196 legitimum
569 3138 714 3202 innuptiis,
751 3151 830 3201 gnere
842 3137 1010 3202 extempulo!
1037 3138 1146 3189 Ovidius
1166 3142 1283 3190 v1.Met.

178 3210 476 3260 sicutdecetmatrem!
500 3213 638 3275 Dempsler.
730 3213 757 3240 ·‘
769 3212 834 3262 Cum
857 3213 931 3262 videt
952 3215 1091 3263 AEsoniden
1117 3217 1283 3281 extinctaque

211 3290 259 3334 380
285 3287 388 3335 Poscere
407 3290 494 3352 corum]
528 3289 626 3339 Comcm
643 3292 711 3342 libri.
749 3286 852 3336 flamma
870 3288 966 3336 revixit
975 3288 991 3336 :'
1023 3289 1059 3336 ita
1077 3304 1111 3336 ex
1131 3291 1284 3342 membranis

178 3361 214 3411 D.
226 3361 313 3410 Heius.
749 3364 925 3427 scribendum,
947 3379 999 3413 non
1019 3366 1124 3415 reinone
1155 3369 1235 3430 plura
1254 3366 1284 3416 sd

210 3441 259 3487 386
275 3438 389 3487 Antenore
407 3440 438 3487 od
459 3440 639 3503 limiuuktoxos]
664 3442 712 3492 Ar·
748 3439 925 3489 iilumlocum.
959 3442 1091 3490 Caeterum
1110 3443 1161 3490 snit
1183 3445 1286 3512 animare

177 3529 242 3562 neure
251 3515 324 3577 prim.
334 3515 490 3564 Vaticanus:
504 3518 631 3579 quomodo
642 3517 711 3580 apud
749 3523 837 3565 nostro
849 3516 957 3576 dictum,
969 3524 998 3564 ut
1008 3516 1060 3564 rats
1076 3517 1156 3566 dicem
1173 3519 1284 3582 Proper·

177 3590 266 3637 Silium
289 3591 305 3638 l.
326 3604 384 3639 xcv.
406 3589 560 3641 ‘Armatam
581 3593 640 3643 hinc
658 3594 711 3656 igni
750 3592 955 3642 tiol.1v.El.l.
971 3593 979 3619 ⁴
994 3593 1053 3643 Quo
1070 3593 1122 3640 ruis
1134 3593 1283 3656 imprudens

178 3665 265 3728 pinum
278 3672 303 3714 et
321 3667 457 3715 devolvere
475 3683 536 3716 saxa
551 3669 711 3719 Certabant!
748 3683 816 3730 vaga
833 3668 921 3717 dicere
938 3666 1020 3730 facta,
1037 3668 1162 3732 Properti
1173 3669 1192 3717 i'
1215 3675 1284 3720 mast

176 3740 267 3791 Pinum
280 3756 326 3803 pro
341 3738 443 3790 facibus
464 3743 547 3805 pineis
560 3747 652 3806 ponit:
672 3745 710 3794 sic
746 3747 806 3793 seire
827 3746 931 3794 Lucano
950 3746 995 3794 lib.
1013 3759 1064 3793 vn.
1092 3746 1187 3797 ‘Scire
1207 3756 1284 3798 ruunt

177 3819 244 3870 euim
256 3819 322 3867 liber
333 3819 460 3881 optimus:
479 3820 555 3881 vulgo
571 3822 653 3869 molem
665 3821 710 3868 mi-
748 3827 847 3884 quanta
869 3819 968 3869 fuerint
992 3821 1113 3871 mercede
1135 3823 1283 3874 nocentes?

176 3910 224 3944 uus
237 3897 309 3944 bene.
328 3894 711 3959 Oxoniensisucirucrum,·quo·
747 3902 777 3945 ut
798 3897 851 3944 illic
870 3897 975 3958 optimae
990 3896 1158 3947 membrana.
1186 3899 1283 3962 Perpe-

176 3970 253 4019 modo
265 3978 292 4019 et
304 3971 414 4019 (liuverii
425 3972 516 4029 codex,
528 3972 595 4035 quod
607 3972 644 4020 illi
658 3973 710 4034 pla·
747 3985 803 4019 ram
813 3973 894 4019 solum
908 3972 934 4020 iu
949 3972 1067 4035 caligatis.
1091 3973 1193 4022 Statius
1204 3974 1282 4024 Theb.

176 4051 229 4106 cet,
250 4052 280 4093 ut
303 4061 376 4094 ruere
394 4061 441 4109 pro
463 4061 555 4096 eruere
576 4054 708 4097 sumatur:
747 4060 785 4096 vt.
803 4047 875 4096 ‘ruit
898 4047 1074 4110 Haemonium,
1090 4049 1280 4103 dumfervidus

174 4122 328 4185 subscripsit
345 4124 464 4173 Ciaverio
483 4125 614 4173 barthius.
641 4125 710 4173 *Vul-
746 4122 826 4172 instat
852 4122 994 4173 Admetum
1018 4139 1144 4188 superare
1172 4124 1280 4176 Thosss'

177 4198 640 4264 gata-lectioprobaestetelegsns:
657 4203 711 4252 oui·
746 4198 862 4252 libau.
883 4195 1052 4252 ‘'novercales
1073 4201 1174 4254 ruimus
1198 4203 1279 4258 ditare
